%% This BibTeX bibliography file was created using BibDesk.
%% http://bibdesk.sourceforge.net/


%% Created for Carlos Gustavo Lopez Pombo at 2011-04-27 17:02:19 -0300 


%% Saved with string encoding Unicode (UTF-8) 

@string{ryan = {Mark Ryan}}

@string{gay = {Simon Gay}}

@string{burn = {Geoffrey Burn}}

@string{nielsen = {Mogens Nielsen}}

@string{engberg = {Uffe Engberg}}

@string{bauer = {Friedrich {L.} Bauer}}

@string{brauer = {Wilfried Brauer}}

@string{schwichtenberg = {Helmut Schwichtenberg}}

@String{tonella = {Paolo Tonella}}

@String{orso = {Alessandro Orso}}

@string{aaai = {American Association for Artificial Intelligence}}

@string{abadi = {Mart\'{\i}n Abadi}}

@string{abramsky = {Samson Abramsky}}

@string{abrial = {Jean-Raymond Abrial}}

@string{academic = {Academic Press}}

@string{acm = {{ACM} Press}}

@string{acmorg = {{A}ssociation for the {C}omputer {M}achinery}}

@string{acmsigplannot = {{ACM} {SIGPLAN} Notices}}

@string{acmtocl = {{ACM} Transactions on Computational Logic}}

@string{acmtoplas = {{ACM} Transactions on Programming Languages and Systems}}

@string{acmtosem = {{ACM} Transactions on Software Engineering and Methodology}}

@string{acs = {Applied Categorical Structures}}

@string{adrion = {{W.} Richards Adrion}}

@string{aguirre = {Nazareno {M.} Aguirre}}

@string{aiken = {Alex Aiken}}

@string{ail = {Advances in logic}}

@string{air = {Annals of Improbable Research}}

@string{ajm = {American Journal of Mathematics}}

@string{alferes = {Jos{\'{e}} J{\'{u}}lio Alferes}}

@string{alpern = {Bowen Alpern}}

@string{alur = {Rajeev Alur}}

@string{ams2 = {Annals of Mathematics (series 2)}}

@string{amscp = {American Mathematical Society Colloqium Publications}}

@string{anbulagan = {Anbulagan}}

@string{andersen = {Henrik Reif Andersen}}

@string{andreka = {Hajnal Andreka}}

@string{angelides = {Alexei Angelides}}

@string{anuchitanukul = {Anuchit Anuchitanukul}}

@string{apal = {Annals of Pure and Applied Logic}}

@string{apf = {Acta Philosophica Fennica}}

@string{apt = {Krzysztof {R.} Apt}}

@string{araki = {Keijiro Araki}}

@string{ardis = {Mark Ardis}}

@string{areces = {Carlos Areces}}

@string{arkoudas = {Konstantine Arkoudas}}

@string{asarin = {Eugene Asarin}}

@string{astesiano = {Egidio Astesiano}}

@string{avail = {Available at}}

@string{awp = {Addison--Wesley Longman Publishing Co., Inc.}}

@string{babai = {L{\'{a}}szl{\'{o}} Babai}}

@string{baker = {Albert {L.} Baker}}

@string{bams = {Bulletin of the American Mathematical Society}}

@string{barahona = {Pedro Barahona}}

@string{barendregt = {Henk {P.} Barendregt}}

@string{barnes = {{D.} Barnes}}

@string{barnett = {Mike Barnett}}

@string{barr = {{M.} Barr}}

@string{barrett = {Clark {W.} Barrett}}

@string{barthe = {Gilles Barthe}}

@string{barwise = {Jon Barwise}}

@string{baum = {Gabriel {A.} Baum}}

@string{bcp = {Banach Center Publications}}

@string{beatcs = {Bulletin of the EATCS}}

@string{becher = {Ver{\'{o}}nica Becher}}

@string{belady = {Lazlo Belady}}

@string{bell = {George Bell}}

@string{belt = {Jason Belt}}

@string{benari = {Mordechai Ben-Ari}}

@string{benevides = {Mario {R.}{F.} Benevides}}

@string{berger = {{R.} Berger}}

@string{berghammer = {Rudolf Berghammer}}

@string{bergstra = {{J.} {A.} Bergstra}}

@string{bernstein = {{B.}{A.} Bernstein}}

@string{berry = {{G.} Berry}}

@string{bertolino = {Antonia Bertolino}}

@string{beth = {Evert Willem Beth}}

@string{beziau = {Jean-Yves Beziau}}

@string{bicarregui = {Juan Bicarregui}}

@string{bickford = {{M.} Bickford}}

@string{bidoit = {Michel Bidoit}}

@string{birk = {Birkh{\"{a}}user}}

@string{birkhoff = {Garret Birkhoff}}

@string{bjesse = {Per Bjesse}}

@string{bjorner = {Dines Bj{\o}rner}}

@string{bjorner+ = {Nikolaj Bj{\o}rner}}

@string{blackburn = {Patrick Blackburn}}

@string{blok = {{Wim} {J.} Blok}}

@string{bm = {Barclay {\&} Macmillan}}

@string{bocchi = {Laura Bocchi}}

@string{bonsangue = {Marcello {M.} Bonsangue}}

@string{bontemps = {Yves Bontemps}}

@string{booch = {Grady Booch}}

@string{boole = {George Boole}}

@string{borzyszkowski = {Tomasz Borzyszkowski}}

@string{boulton = {{R.}{J.} Boulton}}

@string{bourg = {Lorena Bourg}}

@string{bowman = {Howard Bowman}}

@string{boyapati = {Chandrasekhar Boyapati}}

@string{boyer = {{R.} {S.} Boyer}}

@string{bozga = {Marius Bozga}}

@string{braberman = {Victor Braberman}}

@string{brace = {Karl {S.} Brace}}

@string{brat = {Guillaume Brat}}

@string{bravetti = {Mario Bravetti}}

@string{brinksma = {Ed Brinksma}}

@string{brown = {{P.} Brown}}

@string{browne = {Anca Browne}}

@string{broy = {Manfred Broy}}

@string{bruni = {Roberto Bruni}}

@string{bryant = {Randall {E.} Bryant}}

@string{bsl = {Bulletin of the Section of Logic}}

@string{bslogic = {Bulletin of Symbolic Logic}}

@string{buchanan = {Bruce Buchanan}}

@string{buchi = {Julius Richard B{\"{u}}chi}}

@string{bueno = {{J.} Bueno}}

@string{burch = {{J.} {R.} Burch}}

@string{burris = {Stanley Burris}}

@string{burstall = {Rod {M.} Burstall}}

@string{cacm = {Communications of the {ACM}}}

@string{calcagno = {Cristiano Calcagno}}

@string{caleiro = {Carlos Caleiro}}

@string{cambini = {Riccardo Cambini}}

@string{cambridge = {Cambridge University Press}}

@string{cambtracts = {Cambridge Tracts in Theoretical Computer Science}}

@string{cardiff = {Brian {J.} Cardiff}}

@string{carnielli = {Walter {A.} Carnielli}}

@string{cengarle = {Mar{\'\i}a Victoria Cengarle}}

@string{ch = {Chapman \& Hall, Ltd.}}

@string{chalin = {Patrice Chalin}}

@string{chang = {Edward Chang}}

@string{chang+ = {Felix Sheng--Ho Chang}}

@string{chin = {Louise {H.} Chin}}

@string{chou = {Ching--Tsun Chou}}

@string{ciancarini = {Paolo Ciancarini}}

@string{clarke = {Edmund {M.} Clarke}}

@string{clavel = {Manuel Clavel}}

@string{cleaveland = {Rance Cleaveland}}

@string{clifford = {Stein Clifford}}

@string{cn = {Congressus Numeratium}}

@string{colon = {Michael Colon}}

@string{comon = {{H.} Comon}}

@string{coniglio = {{M.}{E.} Coniglio}}

@string{cook = {Steve Cook}}

@string{cooperman = {Gene Cooperman}}

@string{cormen = {Thomas {H.} Cormen}}

@string{corradini = {Andrea Corradini}}

@string{costaleite = {Alexandre Costa-Leite}}

@string{cpe = {Concurrency: Practice and Experience}}

@string{crawford = {James Crawford}}

@string{crole = {{R.} Crole}}

@string{cs = {Complex Systems}}

@string{csail = {Computer Science and Artificial Intelligence Laboratory}}

@string{csl = {Computer Science Laboratory, SRI International}}

@string{csp = {Computer Science Press, Inc.}}

@string{ctan = {The Comprehensive \TeX Archive Network}}

@string{cyrluk = {D. Cyrluk}}

@string{dafranca = {Jose da Franca}}

@string{dahl = {Ole-Johan Dahl}}

@string{dam = {Discrete Applied Mathematics}}

@string{damm = {Werner Damm}}

@string{damon = {Craig {A.} Damon}}

@string{daniels = {John Daniels}}

@string{das = {Satyaki Das}}

@string{davies = {Jim Davies}}

@string{davis = {Martin Davis}}

@string{daws = {Conrado Daws}}

@string{dealfaro = {Luca {de Alfaro}}}

@string{debakker = {{J.} {W.} de Bakker}}

@string{deboer = {Frank {S.} {de Boer}}}

@string{defreitas = {Renata {P.} de Freitas}}

@string{degano = {Pierpaolo Degano}}

@string{delgado = {Carla Amor Divino {M.} Delgado}}

@string{dembinski = {Piotr Dembinski}}

@string{demorgan = {Augustus de Morgan}}

@string{demoura = {Leonardo De Moura}}

@string{denert = {Ernst Denert}}

@string{deng = {Xianghua Deng}}

@string{denicola = {Rocco DeNicola}}

@string{dennis = {Greg Dennis}}

@string{depaiva = {Valeria de Paiva}}

@string{derijke = {Maarten {de Rijke}}}

@string{deroever = {Willem {P.} {de Roever}}}

@string{derrik = {John Derrick}}

@string{deswart = {Harrie de Swart}}

@string{devarajan = {Harish Devarajan}}

@string{diaconescu = {R{\u{a}}zvan Diaconescu}}

@string{dijkstra = {Edsger {W.} Dijkstra}}

@string{dill = {David {L.} Dill}}

@string{dimitrakos = {Theodosis Dimitrakos}}

@string{dionisio = {{F.}{M.} Dion{\'{\i}}sio}}

@string{dippolito = {Nicol\'{a}s D\'{}Ippolito}}

@string{dongarra = {Jack Dongarra}}

@string{dover = {Dover Publishing}}

@string{dowek = {{G.} Dowek}}

@string{dsouza = {Desmond {F.} D'Souza}}

@string{dunkelman = {Orr Dunkelman}}

@string{duntsch = {Ivo D{\"{u}}ntsch}}

@string{duran = {Fransisco Dur{\'{a}}n}}

@string{ebbinghaus = {Heinz-Dieter Ebbinghaus}}

@string{een = {Niklas E\'{e}n}}

@string{eker = {Steven Eker}}

@string{ellman = {Tom Ellman}}

@string{elsevier = {Elsevier}}

@string{emerson = {{E.} Allen Emerson}}

@string{enderton = {Herbert {B.} Enderton}}

@string{ensc-lsv = {Lavoratoire sp{\'{e}}cification et v{\'{e}}rification, Ecole Normale Superieure de Cachan}}

@string{enslow = {Philip Enslow}}

@string{entcs = {Electronic Notes in Theoretical Computer Science}}

@string{ernst = {Rolf Ernst}}

@string{fac = {Formal Aspects of Computing}}

@string{fantechi = {Alessandro Fantechi}}

@string{feijen = {{W.} Feijen}}

@string{felty = {{A.} Felty}}

@string{fernandezprida = {Jos{\'{e}} Fernandez-Prida}}

@string{fi = {Fundamenta Informaticae}}

@string{fiadeiro = {Jos{\'{e}} Luis Fiadeiro}}

@string{figueira = {Santiago Figueira}}

@string{fine = {Kit Fine}}

@string{finkel = {{A.} Finkel}}

@string{finkelstein = {Larry Finkelstein}}

@string{fischer = {Michael {J.} Fischer}}

@string{fischer+ = {Clemens Fischer}}

@string{fitting = {Melvin Fitting}}

@string{fitzgerald = {John Fitzgerald}}

@string{floudas = {{C.} Floudas}}

@string{fmsd = {Formal Methods in System Design}}

@string{font = {{J.}{M.} Font}}

@string{foster = {Ian Foster}}

@string{frappier = {Marc Frappier}}

@string{frias = {Marcelo {F.} Frias}}

@string{friedman = {Emily {P.} Friedman}}

@string{futatsugi = {Kokichi Futatsugi}}

@string{gabbay = {Dov Gabbay}}

@string{galeotti = {Juan {P.} Galeotti}}

@string{gallo = {Giorgio Gallo}}

@string{gamarra = {Rodolfo Gamarra}}

@string{garlan = {David Garlan}}

@string{garrido = {Manuel Garrido}}

@string{gay = {David Gay}}

@string{ghezzi = {Carlo Ghezzi}}

@string{gilmore = {Stephen Gilmore}}

@string{ginsberg = {Matthew Ginsberg}}

@string{girard = {Jean-Yves Girard}}

@string{giunchiglia = {Enrico Giunchiglia}}

@string{givant = {Steven Givant}}

@string{gnesi = {{S.} Gnesi}}

@string{goguen = {Joseph {A.} Goguen}}

@string{goldberg = {Evgueni Goldberg}}

@string{gomes = {Carla {P.} Gomes}}

@string{gordon = {Michael {J.}{C.} Gordon}}

@string{gorin = {Daniel Gorin}}

@string{gorrieri = {Robert Gorrieri}}

@string{gradtexts = {Graduate Texts in Mathematics}}

@string{graf = {Susanne Graf}}

@string{gregoire = {Benjamin Gr\'{e}goire}}

@string{gries = {{D.} Gries}}

@string{griffioen = {David Griffioen}}

@string{grumberg = {Orma Grumberg}}

@string{grunbacher = {Paul Gr{\"{u}}nbacher}}

@string{grundy = {John Grundy}}

@string{guaspari = {{D.} Guaspari}}

@string{guenthner = {Franz Guenthner}}

@string{gyuris = {Viktor Gyuris}}

@string{haeberer = {Armando {M.} Haeberer}}

@string{haeusler = {Edward Hermann Haeusler}}

@string{halbwachs = {Nicolas Halbwachs}}

@string{halmos = {Paul {R.} Halmos}}

@string{halpern = {Joseph {Y.} Halpern}}

@string{hamilton = {{A.} {G.} Hamilton}}

@string{harel = {David Harel}}

@string{harrison = {Michael A. Harrison}}

@string{havelund = {Klaus Havelund}}

@string{haveraaen = {Magne Haveraaen}}

@string{hayes = {Ian {J.} Hayes}}

@string{hayman = {Harry Hayman}}

@string{heering = {Jan Heering}}

@string{henkin = {Leon {A.} Henkin}}

@string{hennicker = {Rolf Hennicker}}

@string{henriksen = {Jesper {G.} Henriksen}}

@string{henzinger = {Thomas {A.} Henzinger}}

@string{herbelin = {{H.} Herbelin}}

@string{hoare = {{C.} {A.} {R.} Hoare}}

@string{hofmann = {Martin Hofmann}}

@string{holzl = {Matthias {M.} H{\"{o}}lzl}}

@string{hopcroft = {John {E.} Hopcroft}}

@string{hoss = {Holger Hoss}}

@string{hu = {Alan {J.} Hu}}

@string{huet = {Gerard Huet}}

@string{huisman = {Marieke Huisman}}

@string{hulgaard = {Henrik Hulgaard}}

@string{hunter = {Geoffrey Hunter}}

@string{huntington = {{E.}{V.} Huntington}}

@string{hup = {Harvard University Press}}

@string{huss-lederman = {Steven Huss--Lederman}}

@string{huth = {Michael Huth}}

@string{hutter = {Dieter Hutter}}

@string{hwang = {{L.} {J.} Hwang}}

@string{ic = {Information and computation}}

@string{ieecs = {{IEE} Computer Series}}

@string{ieeecs = {{IEEE} Computer Society}}

@string{ieeetc = {{IEEE} Transactions on Computers}}

@string{ieeetse = {{IEEE} Transactions on Software Engineering}}

@string{ifi-tum = {Institut f{\"{u}}r Informatik, Technische Universit{\"{a}}t M{\"{u}}nchen}}

@string{ifip-tc2 = {{IFIP TC2}: Software: Theory and Practice}}

@string{ijsa = {International Journal Supercomputer Applications}}

@string{inma = {Indagationes Mathematicae}}

@string{ios = {IOS Press}}

@string{ipl = {Information Processing Letters}}

@string{iscs = {International Series in Computer Science}}

@string{ja = {Journal on Algorithms}}

@string{jackson = {Daniel Jackson}}

@string{jackson-a = {Allyn Jackson}}

@string{jackson_pb = {{P.}{B.} Jackson}}

@string{jacm = {Journal of the {ACM}}}

@string{jacobs = {Bart Jacobs}}

@string{jacobson = {Ivar Jacobson}}

@string{jancl = {Journal of Applied Non-classical Logics}}

@string{jansana = {{R.} Jansana}}

@string{jazayeri = {Mehdi Jazayeri}}

@string{jbp = {John Benjamins Publishing Co.}}

@string{jcss = {Journal of Computer and System Sciences}}

@string{jensen = {Ole H{\o}gh Jensen}}

@string{jeremaes = {{P.} Jeremaes}}

@string{jha = {Somesh Jha}}

@string{jigpl = {Logic Journal of the {IGPL}}}

@string{jipsen = {Peter Jipsen}}

@string{jlap = {Journal of Logic and Algebraic Programming}}

@string{jlc = {Journal of logic and computation}}

@string{johnson = {Michael Johnson}}

@string{jones = {Cliff {B.} Jones}}

@string{jonnson = {Bjarni J{\'{o}}nnson}}

@string{jpl = {Journal of Philosophical Logic}}

@string{jsl = {Journal of Symbolic Logic}}

@string{jucs = {Journal of Universal Computer Science}}

@string{kaiser = {Gail {E.} Kaiser}}

@string{kap = {Kluwer Academic Publishers}}

@string{kapur = {Deepak Kapur}}

@string{kaufmann = {Morgan Kaufmann}}

@string{kautz = {Henry Kautz}}

@string{kesselman = {Carl Kesselman}}

@string{khosla = {{S.} Khosla}}

@string{khurshid = {Sarfraz Khurshid}}

@string{kilov = {Haim Kilov}}

@string{kim = {Jung Soo Kim}}

@string{kiniry = {Joseph {R.} Kiniry}}

@string{kirchner-c = {Claude Kirchner}}

@string{kirchner-h = {Helene Kirchner}}

@string{klein = {Marion Klein}}

@string{klint = {Paul Klint}}

@string{kloos = {Carlos Delgado Kloos}}

@string{knapp = {Alexander Knapp}}

@string{kooi = {Barteld Kooi}}

@string{kovacs = {Andras Kovacs}}

@string{kowalski = {Tomasz Kowalski}}

@string{kozen = {Dexter Kozen}}

@string{kriegbruckner = {Berthold Hoffmann Krieg-Br{\"{u}}ckner}}

@string{kripke = {Saul Aaron Kripke}}

@string{kroening = {Daniel Kroening}}

@string{kropf = {Thomas Kropf}}

@string{kuehlmann = {Andreas Kuehlmann}}

@string{kugler = {Hillel Kugler}}

@string{kuich = {Werner Kuich}}

@string{kumar = {Ramayya Kumar}}

@string{ladner = {Richard {E.} Ladner}}

@string{lafont = {Yves Lafont}}

@string{lamport = {Leslie Lamport}}

@string{lanet = {Jean-Louis Lanet}}

@string{langford = {Cooper {H.} Langford}}

@string{lanzarotti = {Esteban Lanzarotti}}

@string{larsen = {Kim Guldstrand Larsen}}

@string{lascar = {Daniel Lascar}}

@string{lavalette = {Gerard Renardel de Lavalette}}

@string{lbc = {Little, Brown and Co.}}

@string{leavens = {Gary {T.} Leavens}}

@string{lei = {Chin-Laung Lei}}

@string{leino = {K.Rustan M. Leino}}

@string{leiserson = {Charles {E.} Leiserson}}

@string{lc = {Lehman College}}

@string{leonard = {Tim Leonard}}

@string{lerda = {Flavio Lerda}}

@string{les-eef-ses = {Lectures on Embedded Systems, European Educational Forum, School on Embedded Systems}}

@string{lewis = {Clarence Irving Lewis}}

@string{li = {Chu Min Li}}

@string{lincoln = {Patrick Lincoln}}

@string{litak = {Tadeusz Litak}}

@string{liu = {Shaoying Liu}}

@string{lnai = {Lecture Notes in Artificial Intelligence}}

@string{lncs = {Lecture Notes in Computer Science}}

@string{loeckx = {Jacques Loeckx}}

@string{logemann = {George Logemann}}

@string{lopes = {Luis Roberto {M.} Lopes}}

@string{lopes+ = {Ant{\'{o}}nia Lopes}}

@string{lopezpombo = {Carlos {G.} {Lopez Pombo}}}

@string{loveland = {Donald Loveland}}

@string{lowenheim = {Leopold L{\"{o}}wenheim}}

@string{lu = {Yuan Lu}}

@string{lucchi = {Roberto Lucchi}}

@string{luks = {Eugene Luks}}

@string{luttich = {Klaus Luttich}}

@string{lyndon = {Roger {C.} Lyndon}}

@string{ma = {Mathematische Annalen}}

@string{maas = {Memoirs of the American Academy of Science}}

@string{maccaull = {Wendy MacCaull}}

@string{macnaghten = {{A.} {M.} Macnaghten}}

@string{maddux = {Roger {D.} Maddux}}

@string{madey = {Jan Madey}}

@string{madigan = {Conor {F.} Madigan}}

@string{maeder = {Christian Maeder}}

@string{maibaum = {Tomas {S.} {E.} Maibaum}}

@string{maksimova = {Larisa Maksimova}}

@string{maler = {Oded Maler}}

@string{malik = {Sharad Malik}}

@string{mams = {Memoirs of the American Mathematical Society}}

@string{mandrioli = {{D.} Mandrioli}}

@string{manna = {Zohar Manna}}

@string{margaria = {{T.} Margaria}}

@string{marinov = {Darko Marinov}}

@string{marques-silva = {Jo{\~{a}}o {P.} Marques-Silva}}

@string{martioliet = {Narciso Mart\'{\i}-Oliet}}

@String{palominotarjuelo = {Miguel {Palomino Tarjuelo}}}

@string{marx = {Marteen Marx}}

@string{mateus = {{P.} Mateus}}

@string{mccune = {William McCune}}

@string{mckay = {Brendan {D.} McKay}}

@string{mckeag = {{R.} Michael {McKeag}}}

@string{mckenzie = {Ralph McKenzie}}

@string{mclane = {Saunder McLane}}

@string{mcmillan = {Kenneth {L.} McMillan}}

@string{mcrobbie = {{M.} {A.} McRobbie}}

@string{melham = {T. F. Melham}}

@string{mera = {Sergio Mera}}

@string{meseguer = {Jos{\'{e}} Meseguer}}

@string{meyer = {Albert Meyer}}

@string{meyer+ = {Bertrand Meyer}}

@string{mikulas = {Szabolcs Mikul{\'{a}}s}}

@string{miller = {Steven {P.} Miller}}

@string{milner = {Robin Milner}}

@string{mints = {Grigori Mints}}

@string{miranda = {Fernando {C.} Miranda}}

@string{misra = {Jayadev Misra}}

@string{mit = {Massachusetts Institute of Technology}}

@string{mitchell = {David Mitchell}}

@string{mitpress = {MIT Press}}

@string{mmj = {Michigan Mathematical Journal}}

@string{mokkedem = {Adbel Mokkedem}}

@string{moller = {Bernhard M{\"{o}}ller}}

@string{monk = {{J.} Donald Monk}}

@string{montanari = {Ugo Montanari}}

@string{moore = {{J.} Moore}}

@string{moreira = {Anamaria Martins Moreira}}

@string{morgan = {Carroll Morgan}}

@string{moscato = {Mariano Miguel Moscato}}

@string{moskewicz = {Matthew {W.} Moskewicz}}

@string{mossakowski = {Till Mossakowski}}

@string{mosses = {Peter {D.} Mosses}}

@string{mostow = {Jack Mostow}}

@string{mp = {Mathematical Programming}}

@string{mpcps = {Mathematical proceedings of the Cambridge philosophical society}}

@string{murthy = {{C.} Murthy}}

@string{mvdknavwal = {Mededlingen van de Koninklijke Nederlandse Akademie van Wetenschappen, Afdeling Letterkunde}}

@string{nams = {Notices of the American Mathematical Society}}

@string{naredran = {Paliath Narendran}}

@string{natoss = {NATO Science Series}}

@string{nelson = {Greg Nelson}}

@string{nemeti = {Istv{\'{a}}n N{\'{e}}meti}}

@string{newey = {Malcolm Newey}}

@string{ng = {New Goff}}

@string{nh = {North Holland}}

@string{nipkow = {Tobias Nipkow}}

@string{nivat = {Maurice Nivat}}

@string{nordio = {Mart\'{\i}n Nordio}}

@string{novikov = {Yakov Novikov}}

@string{nunez = {Manuel N{\'{u}}{\~{n}}ez}}

@string{olderog = {Ernst-R{\"{u}}diger Olderog}}

@string{oliveira = {Anjolina G. de Oliveira}}

@string{olivero = {Alfredo Olivero}}

@string{omg = {{O}bject {M}anagement {G}roup}}

@string{oppen = {Derek {C.} Oppen}}

@string{orlowska = {Ewa Orlowska}}

@string{ots = {Object Technology Series}}

@string{otto = {Steve Otto}}

@string{oup = {Oxford University Press}}

@string{owe = {Olaf Owe}}

@string{owre = {Sam Owre}}

@string{pakin = {Scott Pakin}}

@string{pardalos = {{P.}{M.} Pardalos}}

@string{parent = {{C.} Parent}}

@string{parikh = {Rohit Parikh}}

@string{parisi-presicce = {Francesco Parisi-Presicce}}

@string{park = {Seung Joon Park}}

@string{parnas = {David Lorge Parnas}}

@string{partsch = {Helmut {A.} Partsch}}

@string{paulin-mohring = {{C.} Paulin-Mohring}}

@string{paulson = {Lawrence {C.} Paulson}}

@string{pauly = {Marc Pauly}}

@string{pavlovic = {Dusko Pavlovic}}

@string{peirce = {Charles Sanders Peirce}}

@string{peled = {Doron Peled}}

@string{pereira = {Luiz Carlos Pereira}}

@string{pettorossi = {{A.} Pettorossi}}

@string{pezze = {Mauro Pezz\`{e}}}

@string{ph = {Prentice Hall}}

@string{philippsen = {Michael Philippsen}}

@string{pigozzi = {Don Pigozzi}}

@string{pileggi = {Lawrence {T.} Pileggi}}

@string{pitt = {David {H.} Pitt}}

@string{pitts = {Andrew {M.} Pitts}}

@string{pizka = {Markus Pizka}}

@string{pjm = {Pacific Journal of Mathematics}}

@string{plotkin = {Gordon Plotkin}}

@string{pnueli = {Amir Pnueli}}

@string{poigne = {Axel Poign{\'e}}}

@string{poll = {Erik Poll}}

@string{pollock = {Lori {L.} Pollock}}

@string{ponse = {{A.} Ponse}}

@string{ponzio = {Pablo Ponzio}}

@string{pottosin = {Igor {V.} Pottosin}}

@string{pp = {Petro Peregrinis Ltd.}}

@string{probst = {David {K.} Probst}}

@string{proc = {Proceedings of }}

@string{putman = {Hilary Putnam}}

@string{queiroz = {Ruy {J.}{G.}{B.} de Queiroz}}

@string{quesada = {Jose {F.} Quesada}}

@string{rabaey = {Jan Rabaey}}

@string{rajan = {Sreeranga Rajan}}

@string{ranjan = {Darsh Ranjan}}

@string{ravn = {Anders {P.} Ravn}}

@string{rebagliato = {{J.} Rebagliato}}

@string{redmiles = {David {F.} Redmiles}}

@string{reggio = {Gianna Reggio}}

@string{regis = {German Regis}}

@string{repetto = {Lorenzo Repetto}}

@string{resende = {{M.}{G.}{C.} Resende}}

@string{reynolds = {Mark Reynolds}}

@string{ribeiro = {Ricardo {F.} Ribeiro}}

@string{rich = {Charles Rich}}

@string{richards = {{H.} Richards}}

@string{rinard = {Martin Rinard}}

@string{rischel = {Hans Rischel}}

@string{rivest = {Ronald {L.} Rivest}}

@string{robby = {Robby}}

@string{rodriguezartalejo = {Mario Rodr{\'{\i}}guez Artalejo}}

@string{roggenbach = {Markus Roggenbach}}

@string{roman = {Mario Roman}}

@string{roman-gc = {Gruia-Catalin Roman}}

@string{rosenblum = {David {S.} Rosenblum}}

@string{rosner = {Nicol\'{a}s Federico Rosner}}

@string{rosolini = {Giuseppe Rosolini}}

@string{rossi = {Gustavo {H.} Rossi}}

@string{rosu = {Grigore Ro{\c{s}}u}}

@string{roy = {Amitabha Roy}}

@string{roychowdhury = {{V.}{P.} Roychowdhury}}

@string{rozenberg = {Grzegorz Rozenberg}}

@string{rsp = {Research Studies Press}}

@string{ruby = {Clyde {D.} Ruby}}

@string{rudell = {Richard {L.} Rudell}}

@string{ruess = {Harald Rue{\ss}}}

@string{rumbaugh = {Jim Rumbaugh}}

@string{rumpe = {Bernhard Rumpe}}

@string{rus = {Teodor Rus}}

@string{rushby = {John {M.} Rushby}}

@string{russell = {Bertrand Russell}}

@string{rutten = {Jan Rutten}}

@string{rydeheard = {David {E.} Rydeheard}}

@string{s = {Scientometrics}}

@string{saidi = {Hassen Sa{\"{\i}}di}}

@string{sain = {Ildik{\'{o}} Sain}}

@string{sakallah = {Karem {A.} Sakallah}}

@string{sanka = {{H.} {P.} Sankappanavar}}

@string{sannella = {Donald Sannella}}

@string{schechter = {Ian Schechter}}

@string{schmidt = {Gunther Schmidt}}

@string{schmidt+ = {Renate {A.} Schmidt}}

@string{schneider = {Fred {B.} Schneider}}

@string{scholten = {Carel {S.} Scholten}}

@string{schroder = {{F.} {W.} {K.} Ernst Sch{\"{o}}der}}

@string{schulte = {Wolfram Schulte}}

@string{schuman = {Steve {A.} Schuman}}

@string{scp = {Science of Computer Programming}}

@string{scutella = {Maria Grazia Scutell{\`{a}}}}

@string{segerberg = {Krister Segerberg}}

@string{sekerinski = {Emil Sekerinski}}

@string{selman = {Bart Selman}}

@string{seress = {{\'{A}}kos Seress}}

@string{sernadas = {Am{\'{\i}}lcar Sernadas}}

@string{sernadas+ = {Cristina Sernadas}}

@string{shankar = {Natarajan Shankar}}

@string{shannon = {Claude {E.} Shannon}}

@string{sharygina = {Natasha Sharygina}}

@string{shelah = {Saharon Shelah}}

@string{shlyakhter = {Ilya Shlyakhter}}

@String{cassano = {Valentin Cassano}}

@string{shooman = {Martin {L.} Shooman}}

@string{shostak = {Robert {E.} Shostak}}

@string{sieling = {Detlef Sieling}}

@string{smz = {Sibirskii Matematicheskii Zhurnal}}

@string{sikorsky = {Roman Sikorsky}}

@string{simkin = {{M.}{V.} Simkin}}

@string{simmonds = {Ian {D.} Simmonds}}

@string{simon = {Andras Simon}}

@string{sintzoff = {Michel Sintzoff}}

@string{sipma = {Henny Sipma}}

@string{sistla = {{A.} Prasad Sistla}}

@string{skakkebaek = {Jens {U.} Skakkeb{\ae}k}}

@string{sl = {Studia Logica}}

@string{slaney = {{J.} {K.} Slaney}}

@string{slc = {Studies in Logic and Computation}}

@string{slfm = {Studies in Logic and the Foundations of Mathematics}}

@string{sm = {Scripta Mathematica}}

@string{smith = {Richard {C.} Smith}}

@string{smolka = {{S.} {A.} Smolka}}

@string{smullyan = {Raimond {M.} Smullyan}}

@string{snir = {Marc Snir}}

@string{sorensen = {Morten Heine {B.} S{\o}rensen}}

@string{sorensson = {Niklas S{\"{o}}rensson}}

@string{spivey = {{J.} {M.} Spivey}}

@string{sridharan = {Manu Sridharan}}

@string{srivas = {Mandayam Srivas}}

@string{stavi = {Jonathan Stavi}}

@string{steensgaard = {Bjarne Steensgaard}}

@string{stefaneas = {Petros Stefaneas}}

@string{steffen = {Bernhard Steffen}}

@string{stehr = {Mark-Oliver Stehr}}

@string{stein = {Clifford Stein}}

@string{stephan = {Werner Stephan}}

@string{steren = {Gabriela Steren}}

@string{stirewalt = {Kurt Stirewalt}}

@string{stone = {Marshall Harvey Stone}}

@string{stringer-calvert = {David Stringer-Calvert}}

@string{stump = {Aaron Stump}}

@string{su = {{Y.} {H.} Su}}

@string{sul = {Studies in Universal Logic}}

@string{sullivan = {Kevin Sullivan}}

@string{sv = {Springer-Verlag}}

@string{tacchella = {Armando Tacchella}}

@string{taghdiri = {Mana Taghdiri}}

@string{tams = {Transactions of the American Mathematical Society}}

@string{tang = {Daijue Tang}}

@string{tarlecki = {Andrzej Tarlecki}}

@string{tarski = {Alfred Tarski}}

@string{taylor = {Paul Taylor}}

@string{tcps = {Transactions of the Cambridge Philosophical Society}}

@string{tcs = {Theoretical Computer Science}}

@string{th = {The Century Co.}}

@string{thiagarajan = {{P.}{S.} Thiagarajan}}

@string{thoemmes = {Thoemmes Press}}

@string{thompson = {Frederick Burtis Thompson}}

@string{tison = {Sophie Tison}}

@string{tiuryn = {{J.} Tiuryn}}

@string{tofte = {Mads Tofte}}

@string{tomescu = {Ioan Tomescu}}

@string{torlak = {Emina Torlak}}

@string{traczyck = {Tadeusz Traczyck}}

@string{traverso = {Paolo Traverso}}

@string{tribastone = {Mirco Tribastone}}

@string{tripakis = {Stavros Tripakis}}

@string{turski = {Wladyslaw {M.} Turski}}

@string{ucp = {University of California Press}}

@string{ucpm = {University of California Publications in Mathematics}}

@string{ullman = {Markus Ullman}}

@string{ullman+ = {Jeffrey {D.} Ullman}}

@string{ulrik = {Jens Ulrik}}

@string{uribe = {Tomas Uribe}}

@string{urzyczyn = {Pawel Urzyczyn}}

@string{vaandrager = {Frits {W.} Vaandrager}}

@string{vanbendegem = {Jean Paul {van Bendegem}}}

@string{vanbenthem = {{J.}{F.}{A.}{K.} {van Benthem}}}

@string{vancza = {Jozsef Vancza}}

@string{vandenberg = {Joachim {van den Berg}}}

@string{vanhentenryck = {Pascal Van Hentenryck}}

@string{vanlamsweerde = {Axel {van Lamsweerde}}}

@string{vanleeuwen = {Jan {van Leeuwen}}}

@string{vannostrand = {{D.} Van Nostrand, Co., Inc.}}

@string{vardi = {Moshe {Y.} Vardi}}

@string{veloso = {Paulo {A.}{S.} Veloso}}

@string{veloso+ = {Sheila {R.}{M.} Veloso}}

@string{vene = {Varmo Vene}}

@string{venema = {Yde Venema}}

@string{verbrugge = {Rineke Verbrugge}}

@string{viana = {Jorge Petrucio Viana}}

@string{visser = {Willem Visser}}

@string{vonbochmann = {Gregor {von Bochmann}}}

@string{vonhenke = {Friedrich {von Henke}}}

@string{vonkarger = {{B.} {von Karger}}}

@string{voutsadakis = {George Voutsadakis}}

@string{wadsworth = {{C.} Wadsworth}}

@string{walker = {David Walker}}

@string{watt = {David {A.} Watt}}

@string{watt-s = {Stephen {M.} Watt}}

@string{wegener = {Ingo Wegener}}

@string{weils = {Virginie Wiels}}

@string{wells = {{C.} Wells}}

@string{wells+ = {Benjamin Wells}}

@string{wenzel = {Markus Wenzel}}

@string{wermelinger = {Michel Wermelinger}}

@string{werner = {{B.} Werner}}

@string{whitehead = {Alfred North Whitehead}}

@string{wilkes = {Maurice {V.} Wilkes}}

@string{wills = {Alan {C.} Wills}}

@string{wing = {Jeannette {M.} Wing}}

@string{winskel = {Glynn Winskel}}

@string{winter = {Michael Winter}}

@string{wirsing = {Martin Wirsing}}

@string{wolf = {Alexander {L.} Wolf}}

@string{wolper = {Pierre Wolper}}

@string{cavalcanti = {Ana Cavalcanti}}

@string{deharbe = {David D'eharbe}}

@string{gaudel = {Marie-Claude Gaudel}}

@string{woodcock = {Jim Woodcock}}

@string{castro = {Pablo Castro}}

@string{ws = {World Scientific Publishing Co.}}

@string{xie = {Yinglian Xie}}

@string{yeh = {Raymond {T.} Yeh}}

@string{yessenov = {Kuat Yessenov}}

@string{yi = {{W.} Yi}}

@string{wojcicki = {Ryszard W{\'o}jcicki}}

@string{yorav = {Karen Yorav}}

@string{yovine = {Sergio Yovine}}

@string{yu = {Yinlei Yu}}

@string{yup = {Yale University Press}}

@string{zavattaro = {Gianluigi Zavattaro}}

@string{zave = {Pamela Zave}}

@string{zenger = {Matthias Zenger}}

@string{zhang = {Lintao Zhang}}

@string{zhang+ = {Hantao Zhang}}

@string{zhao = {Ying Zhao}}

@string{zimand = {Marius Zimand}}

@string{zisman = {Andrea Zisman}}

@string{zmlgm = {Zeitschrift fur Mathematisch Logik und Grundlagen der Mathematik}}

@string{zuck = {Lenore {D.} Zuck}}

@string{hintikka = {Jaakko Hintikka}}

@string{mz = {Mathematische Zeitschrijt}}

@string{gentzen = {Gerhard Gentzen}}

@string{szabo = {Manfred {E.} Szabo}}

@string{goldfarb = {Warren {D.} Goldfarb}}

@string{herbrand = {Jacques Herbrand}}

@string{robinson = {John Alan Robinson}}
	
@string{sosym = {Software and System Modeling}}

@string{til = {Trends in Logic}}

@string{golinska-pilarek = {Joanna Goli{\'n}ska-Pilarek}}

@inproceedings{bohm:1996:afast,
    author = {Max Böhm and Ewald Speckenmeyer},
    title = {A Fast Parallel SAT-Solver - Efficient Workload Balancing},
    booktitle = {Annals of Mathematics and Artificial Intelligence},
    year = {1996},
    pages = {40--0}
}

@inproceedings{Audemard:2009:PLC:1661445.1661509,
 author = {Audemard, Gilles and Simon, Laurent},
 title = {Predicting learnt clauses quality in modern SAT solvers},
 booktitle = {Proceedings of the 21st international jont conference on Artifical intelligence},
 series = {IJCAI'09},
 year = {2009},
 location = {Pasadena, California, USA},
 pages = {399--404},
 numpages = {6},
 url = {http://dl.acm.org/citation.cfm?id=1661445.1661509},
 acmid = {1661509},
 publisher = {Morgan Kaufmann Publishers Inc.},
 address = {San Francisco, CA, USA},
} 

@inproceedings{mossakowski:wadt2008,
	Author = mossakowski # { and } # tarlecki,
	Crossref = {wadt2008},
	Pages = {266-289},
	Title = {Heterogeneous Logical Environments for Distributed Specifications}}

@proceedings{wadt2008,
	Address = {Pisa, Italy},
	Title = {19th International Workshop in Algebraic Development Techniques},
	Editor = corradini # { and } # montanari,
	Month = {June},
	Publisher = sv,
	Series = lncs,
	Volume = {5486},
	Year = {2009}}

@inproceedings{cassano:wadt2012,
	Author = cassano # { and } # lopezpombo # { and } # maibaum,
	Crossref = {wadt2012},
	Pages = {28--30},
	Title = {Entailment Systems for Default Reasoning}}

@inproceedings{lopezpombo+:wadt2012,
	Author = lopezpombo # { and } # castro # { and } # aguirre # { and } # maibaum,
	Crossref = {wadt2012},
	Pages = {69--71},
	Title = {Satisfiability calculi: the semantic counterpart of proof calculi in general logics}}

@inproceedings{lopezpombo:wadt2012,
	Author = lopezpombo # { and } # frias,
	Crossref = {wadt2012},
	Pages = {72--74},
	Title = {Categorical Characterization of Structure Building Operations}}

@proceedings{wadt2012,
	Address = {Salamanca, Spain},
	Title = {21st International Workshop on Algebraic Development Techniques (WADT 2012)},
	Editor =  martioliet # { and } # palominotarjuelo,
	Month = {June},
	Year = {2012}}

@incollection{tseitin83,
  AUTHOR = {G. S. Tseitin},
  TITLE = {On the Complexity of Derivation in Propositional Calculus},
  YEAR = 1983,
  BOOKTITLE = {Automation of Reasoning 2: Classical Papers on Computational Logic 1967-1970},
  EDITOR = {J. Siekmann and G. Wrightson},
  PUBLISHER = {Springer},
  ADDRESS = {Berlin, Heidelberg},
  PAGES = {466-483},
  KEYWORDS = {}}

@incollection{herbrand:goldfarb71,
	Editor = goldfarb,
	Booktitle = {Logical Writings},
	Publisher = hup,
	Author = herbrand,
	Pages = {44--202},
	Title = {Investigation in Proof Theory},
	Year = {1969},
	Note = {Translated to english from \cite{herbrand:phdthesis}}}

@incollection{gentzen:szabo69,
	Editor = szabo,
	Booktitle = {The Collected Papers of Gerhard Gentzen},
	Publisher = nh,
	Author = gentzen,
	Pages = {68--131},
	Title = {Investigation into logical deduction},
	Year = {1969},
	Note = {Translated to english from \cite{gentzen:mz-39}}}

@incollection{beth:hintikka69,
	Editor = hintikka,
	Booktitle = {The Philosophy of Mathematics},
	Publisher = oup,
	Author = beth,
	Pages = {9--41},
	Title = {Semantic entailment and formal derivability},
	Year = {1969},
	Note = {Reprinted from \cite{beth:mvdknavwal-18_13}}}

@incollection{sain:orlowska99,
	Author = sain # { and } # nemeti,
	Booktitle = {Logic at work (Essays dedicated to the memory of {H}elena {R}asiowa)},
	Editor = orlowska,
	Pages = {669--694},
	Publisher = {Physica-Verlag, } # sv,
	Series = {Studies in fuzziness and soft computing},
	Title = {Fork algebras in usual and in non-well-founded set theories (An overview)},
	Year = {1999}}

@incollection{emerson:htcs90,
	Address = {Amsterdam},
	Author = emerson,
	Booktitle = {Handbook of Theoretical Computer Science},
	Editor = vanleeuwen,
	Pages = {995--1072},
	Publisher = elsevier,
	Title = {Temporal and Modal Logic},
	Volume = {B},
	Year = {1990}}

@incollection{frias:la97,
	Author = frias # { and } # orlowska,
	Booktitle = {Logique et Analyse},
	Editor = vanbendegem,
	Number = {150--151--152},
	Pages = {239--284},
	Publisher = ng,
	Title = {A Proof System for Fork Algebras and its Applications to Reasoning in Logics Based on Intuitionism},
	Volume = {38},
	Year = {1997}}

@incollection{schroder:auldr1895,
	Author = schroder,
	Booktitle = {Algebra und Logik der Relative},
	Publisher = thoemmes,
	Title = {Vorlesungen \"{u}ber die Algebra der Logik (exact Logik)},
	Volume = {3},
	Year = {1895}}

@incollection{andreka:hpl01,
	Author = andreka # { and } # nemeti # { and } # sain,
	Booktitle = {Handbook of Philosophical Logic},
	Edition = {second},
	Editor = gabbay # { and } # guenthner,
	Pages = {133--247},
	Publisher = kap,
	Title = {Algebraic logic},
	Volume = {2},
	Year = {2001}}

@incollection{harel:hpl01,
	Author = harel,
	Booktitle = {Handbook of Philosophical Logic},
	Edition = {second},
	Editor = gabbay # { and } # guenthner,
	Pages = {135--165},
	Publisher = kap,
	Title = {Dynamic logic},
	Volume = {2},
	Year = {2001}}

@incollection{peirce:peirce1883,
	Address = {Boston},
	Author = peirce,
	Booktitle = {Studies in logic by members of the {John Hopkins University}},
	Editor = peirce,
	Note = {Reprinted in \cite{peirce83}},
	Optcrossref = {peirce1883},
	Pages = {187--203},
	Publisher = lbc,
	Title = {Note {B}: the logic of relatives},
	Year = {1883}}

@incollection{resende:eo01,
	Author = resende,
	Booktitle = {Encyclopedia of Optimization},
	Editor = floudas # { and } # pardalos,
	Pages = {373--382},
	Publisher = kap,
	Title = {Greedy randomized adaptive search procedures {(GRASP)}},
	Volume = {2},
	Year = {2001}}

@incollection{martioliet:hpl01,
	Author = martioliet # { and } # meseguer,
	Booktitle = {Handbook of Philosophical Logic},
	Edition = {second},
	Editor = gabbay # { and } # guenthner,
	Note = {Also in \cite{martioliet:SRI-CSL-93-05} and \cite{martioliet:entcs-4}},
	Pages = {995--1072},
	Publisher = kap,
	Title = {Rewriting logic as a logical and semantic framework},
	Volume = {9},
	Year = {2001}}

@incollection{barendregt:hlcs99,
	Author = barendregt,
	Booktitle = {Handbook of Logic in Computer Science},
	Editor = abramsky # { and } # gabbay # { and } # maibaum,
	Publisher = oup,
	Title = {Lambda Calculi With Types},
	Volume = {II},
	Year = {1999}}

@incollection{mossakowski:beziau05,
	Author = mossakowski # { and } # goguen # { and } # diaconescu # { and } # tarlecki,
	Booktitle = {Logica Universalis},
	Editor = beziau,
	Note = {Also in \cite{mossakowski:wcul05}},
	Optcrossref = {beziau05},
	Pages = {113--133},
	Publisher = birk,
	Title = {What is a logic?},
	Year = {2005}}

@incollection{parnas:sp-cse,
	Address = {New York},
	Author = parnas,
	Booktitle = {Software pioneers: contributions to software engineering},
	Editor = broy # { and } # denert,
	Note = {See also \cite{parnas:cacm-15_12}},
	Pages = {411--427},
	Publisher = sv,
	Title = {On the criteria to be used in decomposing systems into modules},
	Year = {2002}}

@incollection{abrial:otcp,
	Address = {Cambridge, MA, USA},
	Author = abrial # { and } # schuman # { and } # meyer+,
	Booktitle = {On the construction of programs: an advanced course},
	Editor = mckeag # { and } # macnaghten,
	Pages = {343-410},
	Publisher = cambridge,
	Title = {Specification language},
	Year = {1980}}

@incollection{leavens:kilov99,
	Author = leavens # { and } # baker # { and } # ruby,
	Booktitle = {Behavioral specifications of businesses and systems},
	Chapter = {12},
	Editor = kilov # { and } # rumpe # { and } # simmonds,
	Optcrossref = {kilov99},
	Pages = {175--188},
	Publisher = kap,
	Title = {{JML}: a Notation for Detailed Design},
	Year = {1999}}

@incollection{tarlecki:gabbay00,
	Author = tarlecki,
	Booktitle = {Frontiers of Combining Systems},
	Editor = gabbay # { and } # derijke,
	Optcrossref = {gabbay00},
	Pages = {337--360},
	Publisher = rsp,
	Series = slc,
	Title = {Towards heterogeneous specifications},
	Volume = {2},
	Year = {2000}}

@book{smullyan95,
	Author = smullyan,
	Publisher = dover,
	Title = {First-order Logic},
	Year = {1995}}

@book{beth59,
	Author = beth,
	Publisher = nh,
	Title = {The Foundations of Mathematics},
	Year = {1959}}

@book{orlowska99,
	Editor = orlowska,
	Publisher = {Physica-Verlag, } # sv,
	Series = {Studies in fuzziness and soft computing},
	Title = {Logic at work (Essays dedicated to the memory of {H}elena {R}asiowa)},
	Year = {1999}}

@book{burris81,
	Address = {Berlin, Germany},
	Author = burris # { and } # sanka,
	Publisher = sv,
	Series = gradtexts,
	Title = {A course in universal algebra},
	Year = {1981}}

@book{girard89,
	Author = girard # { and } # lafont # { and } # taylor,
	Number = {7},
	Publisher = cambridge,
	Series = cambtracts,
	Title = {Proofs and types},
	Year = {1989}}

@book{winskel93,
	Author = winskel,
	Publisher = mitpress,
	Title = {The formal semantics of programming languages: an introduction},
	Year = {1993}}

@book{bergstraED01,
	Editor = bergstra # { and } # ponse # { and } # smolka,
	Publisher = elsevier,
	Title = {Handbook of process algebra},
	Year = {2001}}

@book{clarke00,
	Address = {Cambridge, MA, USA},
	Author = clarke # { and } # grumberg # { and } # peled,
	Month = {January},
	Optnote = {ISBN: 0-262-03270-8},
	Publisher = mitpress,
	Title = {Model checking},
	Year = {2000}}

@book{demorgan66,
	Author = demorgan,
	Publisher = yup,
	Title = {On the syllogism, and other logical writings},
	Year = {1966}}

@book{enderton72,
	Author = enderton,
	Publisher = academic,
	Title = {A mathematical introduction to logic},
	Year = {1972}}

@book{harel00,
	Address = {Cambridge, MA, USA},
	Author = harel # { and } # kozen # { and } # tiuryn,
	Optmonth = {October},
	Optnote = {ISBN: 0-262-08289-6},
	Publisher = mitpress,
	Series = {Foundations of Computing},
	Title = {Dynamic logic},
	Year = {2000}}

@book{hamilton88,
	Author = hamilton,
	Month = {September},
	Publisher = cambridge,
	Title = {Logic for mathematicians},
	Year = {1988}}

@book{orlowska-til-33,
	Author = orlowska # { and } # golinska-pilarek,
	Title = {Dual Tableaux: Foundations, Methodology, Case Studies},
	Editor = wojcicki,
	Publisher = sv,
	Series = til,
	Volume = {33},
	Year = {2011}}

@book{frias02,
	Address = {Singapore},
	Author = frias,
	Publisher = ws,
	Series = ail,
	Title = {Fork algebras in algebra, logic and computer science},
	Volume = {2},
	Year = {2002}}

@book{dijkstra90,
	Address = {New York, NY, USA},
	Author = dijkstra # { and } # scholten,
	Optnote = {ISBN: 0-387-96957-8},
	Publisher = sv,
	Title = {Predicate calculus and program semantics},
	Year = {1990}}

@book{nipkow02,
	Address = {Berlin, Germany},
	Author = nipkow # { and } # paulson # { and } # wenzel,
	Publisher = sv,
	Series = lncs,
	Title = {{Isabelle/HOL} -- A proof assistant for higher-order logic},
	Volume = {2283},
	Year = {2002}}

@book{partsch90,
	Author = partsch,
	Publisher = sv,
	Title = {Specification and Transformation of Programs: A Formal Approach to Software Development},
	Year = {1990}}

@book{barwise77,
	Editor = barwise,
	Publisher = nh,
	Title = {Handbook of Mathematical Logic},
	Year = {1977}}

@book{manna95,
	Address = {New York},
	Author = manna # { and } # pnueli,
	Publisher = sv,
	Title = {Temporal Verification of Reactive Systems},
	Year = {1995}}

@book{peirce33,
	Author = peirce,
	Publisher = hup,
	Title = {Collected Papers},
	Year = {1933}}

@book{tarski87,
	Address = {Providence, RI, USA},
	Author = tarski # { and } # givant,
	Publisher = amscp,
	Title = {A formalization of set theory without variables},
	Year = {1987}}

@book{booch98,
	Address = {Boston, MA, USA},
	Author = booch # { and } # rumbaugh # { and } # jacobson,
	Optnote = {ISBN: 0-201-57168-4},
	Publisher = awp,
	Title = {The unified modeling language user guide},
	Year = {1998}}

@book{lamport02,
	Address = {Boston, MA, USA},
	Author = lamport,
	Optnote = {ISBN: 032114306X},
	Publisher = awp,
	Title = {Specifying Systems: The TLA+ Language and Tools for Hardware and Software Engineers},
	Year = {2002}}

@book{henkin71,
	Author = henkin # { and } # monk # { and } # tarski,
	Publisher = nh,
	Title = {Cylindric algebras, part {I}},
	Volume = {64},
	Year = {1971}}

@book{henkin85,
	Author = henkin # { and } # monk # { and } # tarski,
	Publisher = nh,
	Title = {Cylindric algebras, part {II}},
	Volume = {115},
	Year = {1985}}

@book{spivey88,
	Address = {New York, NY, USA},
	Author = spivey,
	Optnote = {0-521-33429-2},
	Publisher = cambridge,
	Title = {Understanding {Z}: a specification language and its formal semantics},
	Year = {1988}}

@book{spivey89,
	Address = {UK},
	Author = spivey,
	Publisher = ph,
	Title = {The {Z} notation: a reference manual},
	Year = {1989}}

@book{cook94,
	Author = cook # { and } # daniels,
	Publisher = ph,
	Title = {Designing object systems: Object-oriented modelling with {Syntropy}},
	Year = {1994}}

@book{dsouza98,
	Address = {Boston, MA, USA},
	Author = dsouza # { and } # wills,
	Publisher = awp,
	Series = ots,
	Title = {Objects, components, and frameworks with {UML}: {The Catalysis(SM)} approach},
	Year = {1998}}

@book{omg-ocl97,
	Address = {Needham, MA, USA},
	Author = omg,
	Note = {version 1.1},
	Publisher = omg,
	Title = {Object Constraint Language Specification},
	Year = {1997}}

@book{omg-ocl04,
	Author = omg,
	Note = {version 1.5},
	Publisher = omg,
	Title = {Object Constraint Language Specification},
	Year = {2004}}

@book{omg-sysml04,
	Author = omg,
	Note = {version 1.0},
	Publisher = omg,
	Title = {{OMG} {SysML} specification coversheet},
	Year = {2004}}

@book{woodcock96,
	Author = woodcock # { and } # davies,
	Publisher = ph,
	Series = {International series in computer science},
	Title = {Using {Z}: Specification, refinement, and proof},
	Year = {1996}}

@book{jones86,
	Address = {Hertfordshire, UK},
	Author = jones,
	Optnote = {ISBN: 0-13-880725-6},
	Publisher = ph,
	Title = {Systematic software development using {VDM}},
	Year = {1986}}

@book{abrial96,
	Address = {New York, NY, USA},
	Author = abrial,
	Publisher = cambridge,
	Title = {The {B-Book}: assigning programs to meanings},
	Year = {1996}}

@book{gordon93,
	Address = {New York, NY, USA},
	Editor = gordon # { and } # melham,
	Publisher = cambridge,
	Title = {Introduction to {HOL}: a theorem proving environment for higher order logic},
	Year = {1993}}

@book{mcmillan93,
	Address = {Norwell, MA, USA},
	Author = mcmillan,
	Publisher = kap,
	Title = {Symbolic Model Checking},
	Year = {1993}}

@book{boole1847,
	Address = {Cambridge, UK} # { and } # {London, UK},
	Author = boole,
	Publisher = bm # { and } # bell,
	Title = {The mathematical analysis of logic. Being an essay towards a calculus of deductive reasoning},
	Year = {1847}}

@book{peirce1883,
	Address = {Boston},
	Editor = peirce,
	Note = {Reprinted in \cite{peirce83}},
	Publisher = lbc,
	Title = {Studies in logic by members of the {John Hopkins University}},
	Year = {1883}}

@book{peirce83,
	Address = {Amsterdam, The Netherlands} # { and } # {Philadelphia, USA},
	Editor = peirce,
	Note = {Reprint of \cite{peirce1883}},
	Publisher = jbp,
	Title = {Studies in logic by members of the {John Hopkins University}},
	Year = {1983}}

@book{russell10-13,
	Author = russell # { and } # whitehead,
	Publisher = cambridge,
	Title = {Principia mathematica},
	Volume = {1--3},
	Year = {1910--1913}}

@book{halmos63,
	Address = {Princeton},
	Author = halmos,
	Publisher = vannostrand,
	Title = {Lectures on boolean algebra},
	Year = {1963}}

@book{sikorsky64,
	Address = {Berlin, Germany},
	Author = sikorsky,
	Publisher = sv,
	Title = {Boolean algebras},
	Year = {1964}}

@book{beziau05,
	Editor = beziau,
	Publisher = birk,
	Title = {Logica Universalis},
	Year = {2005}}

@book{fiadeiro05,
	Author = fiadeiro,
	Publisher = sv,
	Title = {Categories for software engineering},
	Year = {2005}}

@book{mclane71,
	Address = {Berlin, Germany},
	Author = mclane,
	Publisher = sv,
	Series = gradtexts,
	Title = {Categories for working mathematician},
	Year = {1971}}

@book{blackburn01,
	Author = blackburn # { and } # derijke # { and } # venema,
	Number = {53},
	Publisher = cambridge,
	Series = cambtracts,
	Title = {Modal logic},
	Year = {2001}}

@book{barr90,
	Address = {London},
	Author = barr # { and } # wells,
	Publisher = ph,
	Title = {Category theory for computer science},
	Year = {1990}}

@book{crole93,
	Address = {Cambridge},
	Author = crole,
	Publisher = cambridge,
	Title = {Categories for types},
	Year = {1993}}

@book{hunter71,
	Author = hunter,
	Publisher = ucp,
	Title = {Metalogic: An introduction to metatheory of standard first order logic},
	Year = {1971}}

@book{ullman+88,
	Address = {New York, NY, USA},
	Author = ullman+,
	Optnote = {ISBN: 0-88175-188-X},
	Publisher = csp,
	Title = {Principles of database and knowledge-base systems, {Vol. I}},
	Year = {1988}}

@book{lewis32,
	Author = lewis # { and } # langford,
	Publisher = th,
	Title = {Symbolic logic},
	Year = {1932}}

@book{jackson06,
	Author = jackson,
	Publisher = mitpress,
	Title = {Software abstractions: logic, language, and analysis},
	Year = {2006}}

@book{kilov99,
	Editor = kilov # { and } # rumpe # { and } # simmonds,
	Publisher = kap,
	Title = {Behavioral specifications of businesses and systems},
	Year = {1999}}

@book{cormen01,
	Author = cormen # { and } # clifford # { and } # leiserson # { and } # rivest # { and } # stein,
	Publisher = mitpress,
	Title = {Introduction to algorithms},
	Year = {2001}}

@book{gabbay00,
	Editor = gabbay # { and } # derijke,
	Publisher = rsp,
	Series = slc,
	Title = {Frontiers of Combining Systems},
	Volume = {2},
	Year = {2000}}

@book{diaconescu08,
	Editor = diaconescu,
	Publisher = birk,
	Series = sul,
	Title = {Institution-independent Model Theory},
	Volume = {2},
	Year = {2008}}

@book{snir98,
	Author = snir # { and } # otto # { and } # huss-lederman # { and } # walker # { and } # dongarra,
	Publisher = mitpress,
	Title = {MPI: The complete reference},
	Year = {1998}}

@book{hintikka69,
	Editor = hintikka,
	Publisher = oup,
	Title = {The Philosophy of Mathematics},
	Year = {1969}}

@book{szabo69,
	Editor = szabo,
	Publisher = nh,
	Title = {The Collected Papers of Gerhard Gentzen},
	Year = {1969}}

@book{goldfarb71,
	Editor = goldfarb,
	Publisher = hup,
	Title = {Logical Writings},
	Year = {1971}}
	
@article{zhang:jsc-1996,
author = {Zhang, Hantao and Bonacina, Maria Paola and Hsiang, Jieh},
doi = {10.1006/jsco.1996.0030},
file = {:home/ivissani/RFM/papers/Zhang, Bonacina, Hsiang/Journal of Symbolic Computation/Zhang, Bonacina, Hsiang - 1996 - PSATO a Distributed Propositional Prover and its Application to Quasigroup Problems.pdf:pdf},
issn = {07477171},
journal = {Journal of Symbolic Computation},
keywords = {constraint,distributed and parallel computing,distributed implementations of constraint,fault-tolerant computing,nowadays,on networked environments,propositional satis ability,satisfaction,satisfaction algorithms,there are dozens of,we are concerned with,workstations in a typical},
month = apr,
number = {4-6},
pages = {543--560},
title = {{PSATO: a Distributed Propositional Prover and its Application to Quasigroup Problems}},
url = {http://linkinghub.elsevier.com/retrieve/pii/S0747717196900309},
volume = {21},
year = {1996}
}

@article{schubert09,
    author = {Schubert, T. and Lewis, M. and Becker, B.},
    citeulike-article-id = {7953691},
    journal = {Journal on Satisfiability, Boolean Modeling and Computation},
    keywords = {distributed-sat},
    pages = {203--222},
    pdf = {file://localhost/Volumes/larsberg/Papers/Schubert/Journal\%20on\%20Satisfiability\%20Boolean\%20Modeling\%20and\%20Computation\%202009\%20Schubert.pdf},
    posted-at = {2011-01-26 23:31:51},
    priority = {2},
    title = {{PaMiraXT: Parallel SAT solving with threads and message passing}},
    volume = {6},
    year = {2009}
}


@article{hamadi09,
    author = {Youssef Hamadi and Lakhdar Sais},
    title = {ManySAT: a parallel SAT solver},
    journal = {JOURNAL ON SATISFIABILITY, BOOLEAN MODELING AND COMPUTATION (JSAT)},
    year = {2009},
    volume = {6}
}

@article{robinson:jacm-12_1,
	Author = robinson,
	Title = {A Machine-Oriented Logic Based on the Resolution Principle},
	Journal = jacm,
	Volume = {12},
	Number = {1},
	Year = {1965},
	Pages = {23--41},
	Publisher = acm} 
	
@article{gentzen:mz-39,
	Author = gentzen,
	Journal = mz,
	Pages = {176-210 and 405-431},
	Title = {Untersuchungen tiber das logische Schliessen},
	Volume = {39},
	Year = {1935},
	Note = {English translation in \cite{gentzen:szabo69}}}

@article{beth:mvdknavwal-18_13,
	Author = beth,
	Journal = mvdknavwal,
	Pages = {309--342},
	Title = {Semantic entailment and formal derivability},
	Volume = {18},
	Number = {13},
	Year = {1955},
	Note = {Reprinted in \cite{beth:hintikka69}}}

@article{reynolds-jsl-66_3,
	Author = reynolds,
	Journal = jsl,
	Pages = {1011--1057},
	Title = {An axiomatization of full computational tree logic},
	Volume = {66},
	Number = {3},
	Year = {2001}}
	
@article{emerson-jcss-30_1,
	Author = emerson # { and } # halpern,
	Journal = jcss,
	Pages = {1--24},
	Title = {Decision procedures and expressiveness in the temporal logic of branching time},
	Volume = {30},
	Number = {1},
	Year = {1985}}
	
@article{broy-sosym-10_4,
	Author = broy # { and } # cengarle,
	Journal = sosym,
	Pages = {441--446},
	Title = {UML formal semantics: lessons learned},
	Volume = {10},
	Number = {4},
	Year = {2011}}

@article{maksimova-smz-32_6,
	Author = maksimova,
	Journal = smz,
	Pages = {109--113},
	Title = {Temporal logics with "the next" operator do not have interpolation},
	Volume = {32},
	Number = {6},
	Year = {1990}}
	
@article{abadi-jacm-37_2,
	Author = abadi # { and } # manna,
	Journal = jacm,
	Pages = {279--317},
	Title = {Nonclausal deduction in first-order temporal logic},
	Volume = {37},
	Number = {2},
	Year = {1990}}
	
@article{fine-jsl-44_2,
	Author = fine,
	Journal = jsl,
	Pages = {201--206},
	Title = {Failures of the interpolation lemma in quantified modal logic},
	Volume = {44},
	Number = {2},
	Year = {1979}}
	
@article{kowalski-jsl-69_3,
	Author = kowalski,
	Journal = jsl,
	Pages = {935},
	Title = {Retraction note for ``PDL has interpolation''},
	Volume = {69},
	Number = {3},
	Year = {2004}}
	
@article{kowalski-jsl-67_3,
	Author = kowalski,
	Journal = jsl,
	Pages = {933--946},
	Title = {PDL has interpolation},
	Volume = {67},
	Number = {3},
	Year = {2002}}
	
@article{lavalette-jlli-17_1,
	Author = lavalette # { and } # kooi # { and } # verbrugge,
	Journal = {Journal of logic, language and information},
	Pages = {69--87},
	Title = {Strong Completeness and Limited Canonicity for PDL},
	Volume = {17},
	Number = {1},
	Year = {2008}}
	
@article{leavens:bsbs-12,
	Author = leavens # { and } # baker # { and } # ruby,
	Journal = {Behavioral Specifications for Businesses and Systems},
	Optnote = {Haim Kilov, Bernhard Rumpe, and Ian Simmonds (editors)},
	Pages = {175--188},
	Title = {{JML}: a Notation for Detailed Design},
	Volume = {12},
	Year = {1999}}

@article{mckay:cn-30,
	Author = mckay,
	Journal = cn,
	Pages = {45--87},
	Title = {Practical graph isomorphism},
	Volume = {30},
	Year = {1981}}

@article{jonsson:bams-54,
	Author = jonnson # { and } # tarski,
	Journal = bams # { (Abstracts 89t)},
	Month = {January},
	Pages = {80 and 1192},
	Title = {Representation problems for relation algebras},
	Volume = {54},
	Year = {1948}}

@article{jonsson:ajm-73,
	Author = jonnson # { and } # tarski,
	Journal = ajm,
	Pages = {891--939},
	Title = {Boolean algebra with operators, part {I}},
	Volume = {73},
	Year = {1951}}

@article{jonsson:ajm-74,
	Author = jonnson # { and } # tarski,
	Journal = ajm,
	Optnumber = {3},
	Pages = {127--162},
	Title = {Boolean algebra with operators, part {II}},
	Volume = {74},
	Year = {1952}}

@article{emerson:scp-2_3,
	Author = emerson # { and } # clarke,
	Journal = scp,
	Month = {December},
	Number = {3},
	Pages = {241--266},
	Title = {Using branching time temporal logic to synthesize synchronization skeletons},
	Volume = {2},
	Year = {1982}}

@article{pnueli:tcs-13_1,
	Author = pnueli,
	Journal = tcs,
	Number = {1},
	Pages = {45--60},
	Title = {The temporal semantics of concurrent programs},
	Volume = {13},
	Year = {1981}}

@article{frias:fi-32,
	Author = frias # { and } # baum # { and } # haeberer,
	Journal = fi,
	Pages = {1--25},
	Title = {Fork algebras in algebra, logic and computer science},
	Volume = {32},
	Year = {1997}}

@article{berghammer:jigpl-6_2,
	Author = vonkarger # { and } # berghammer,
	Journal = jigpl,
	Number = {2},
	Pages = {157--173},
	Title = {A relational model for temporal logic},
	Volume = {6},
	Year = {1998}}

@article{frias:jigpl-5_3,
	Author = frias # { and } # haeberer # { and } # veloso,
	Journal = jigpl,
	Number = {3},
	Pages = {311--319},
	Title = {A finite axiomatization for fork algebras},
	Volume = {5},
	Year = {1997}}

@article{frias:bsl-24_2,
	Author = frias # { and } # baum # { and } # haeberer # { and } # veloso,
	Journal = bsl,
	Number = {2},
	Pages = {64--75},
	Title = {Fork algebras are representable},
	Volume = {24},
	Year = {1995}}

@article{frias:bsl-24_4,
	Author = frias # { and } # haeberer # { and } # veloso,
	Journal = bsl,
	Number = {4},
	Pages = {193--200},
	Title = {A finite axiomatization for fork algebras},
	Volume = {24},
	Year = {1995}}

@article{sain:bsl-24_3,
	Author = sain # { and } # nemeti,
	Journal = bsl,
	Number = {3},
	Pages = {158--168},
	Title = {Fork algebras in usual and in non-well-founded set theories, part {I}},
	Volume = {24},
	Year = {1995}}

@article{sain:bsl-24_4,
	Author = sain # { and } # nemeti,
	Journal = bsl,
	Number = {4},
	Pages = {182--192},
	Title = {Fork algebras in usual and in non-well-founded set theories, part {II}},
	Volume = {24},
	Year = {1995}}

@article{becher:tcs-270_1_2,
	Author = becher # { and } # figueira,
	Journal = tcs,
	Month = {January},
	Number = {1--2},
	Pages = {947--958},
	Title = {An example of a computable absolutely normal number},
	Volume = {270},
	Year = {2002}}

@article{pitts:tcs-124_2,
	Author = pitts,
	Journal = tcs,
	Month = {February},
	Number = {2},
	Pages = {195--219},
	Title = {A co-induction principle for recursively defined domains},
	Volume = {124},
	Year = {1994}}

@article{milner:tcs-87_1,
	Author = milner # { and } # tofte,
	Journal = tcs,
	Month = {September},
	Number = {1},
	Pages = {209-220},
	Title = {Co-induction in relational semantics},
	Volume = {87},
	Year = {1991}}

@article{veloso:alc94,
	Author = veloso # { and } # haeberer # { and } # frias,
	Journal = {Abstracts of the Logic Colloquium '94},
	Month = {July},
	Note = {Also in \cite{veloso:bslogic-1_2}},
	Pages = {127},
	Title = {Fork algebras as algebras of logic},
	Year = {1995}}

@article{kozen:tcs-10_3,
	Author = kozen,
	Journal = tcs,
	Number = {3},
	Pages = {221--247},
	Title = {Complexity of boolean algebras},
	Volume = {10},
	Year = {1980}}

@article{kozen:tcs-14_1,
	Author = kozen # { and } # parikh,
	Journal = tcs,
	Number = {1},
	Pages = {113--118},
	Title = {An elementary proof of the completeness of {PDL}},
	Volume = {14},
	Year = {1981}}

@article{kozen:tcs-27_3,
	Author = kozen,
	Journal = tcs,
	Number = {3},
	Pages = {333--354},
	Title = {Results on the propositional $\mu$-calculus},
	Volume = {27},
	Year = {1983}}

@article{frias:jancl-8,
	Author = frias # { and } # orlowska,
	Journal = jancl,
	Number = {1--2},
	Pages = {27--66},
	Title = {Equational reasoning in non-classical logics},
	Volume = {8},
	Year = {1998}}

@article{frias:jlap04-press,
	Author = frias # { and } # lopezpombo,
	Journal = jlap,
	Note = {in press},
	Title = {Interpretability of first-order linear temporal logics in fork algebras},
	Year = {2004}}

@article{frias:jlap-66_2,
	Author = frias # { and } # lopezpombo,
	Journal = jlap,
	Number = {2},
	Pages = {161--184},
	Title = {Interpretability of first-order linear temporal logics in fork algebras},
	Volume = {66},
	Year = {2006}}

@article{chin:ucpm-new_series_1,
	Author = chin # { and } # tarski,
	Journal = ucpm,
	Number = {1},
	Pages = {341--384},
	Title = {Distributive and modular laws in the arithmetic of relation algebras},
	Volume = {New Series},
	Year = {1951}}

@article{tarski:jsl-6_3,
	Author = tarski,
	Journal = jsl,
	Month = {September},
	Number = {3},
	Pages = {73--89},
	Title = {On the calculus of relations},
	Volume = {6},
	Year = {1941}}

@article{henriksen:apal-96_1_3,
	Author = henriksen # { and } # thiagarajan,
	Journal = apal,
	Number = {1--3},
	Pages = {187--207},
	Title = {Dynamic linear time temporal logic},
	Volume = {96},
	Year = {1999}}

@article{veloso:bsl-26_4,
	Author = veloso,
	Journal = bsl,
	Number = {4},
	Pages = {197--209},
	Title = {On the independence of the axioms for fork algebras},
	Volume = {26},
	Year = {1997}}

@article{veloso:bsl-27_3,
	Author = veloso,
	Journal = bsl,
	Number = {3},
	Pages = {117--129},
	Title = {On eight axiomatizations for fork algebras: equivalence and independence},
	Volume = {27},
	Year = {1998}}

@article{veloso:bsl-26_1,
	Author = veloso,
	Journal = bsl,
	Number = {1},
	Pages = {144--155},
	Title = {Is fork set-theoretical?},
	Volume = {26},
	Year = {1997}}

@article{veloso:bsl-26_3,
	Author = veloso,
	Journal = bsl,
	Number = {3},
	Pages = {20--30},
	Title = {Characterisations for fork algebras and their relational reducts},
	Volume = {26},
	Year = {1997}}

@article{gyuris:tcs-188_1_2,
	Author = gyuris,
	Journal = tcs,
	Month = {November},
	Number = {1--2},
	Pages = {211--220},
	Title = {A short proof of representability of fork algebra},
	Volume = {188},
	Year = {1997}}

@article{maddux:sl-50_3-4,
	Author = maddux,
	Journal = sl,
	Number = {3/4},
	Pages = {421--455},
	Title = {The origin of relation algebras in the development of the calculus of relations},
	Volume = {50},
	Year = {1991}}

@article{maddux:tams-328_1,
	Author = maddux,
	Journal = tams,
	Month = {November},
	Number = {1},
	Pages = {83--131},
	Title = {Pair-dense relation algebras},
	Volume = {328},
	Year = {1991}}

@article{lyndon:ams2-51_2,
	Author = lyndon,
	Journal = ams2,
	Number = {2},
	Pages = {707--729},
	Title = {The representation of relation algebras, part {I}},
	Volume = {51},
	Year = {1950}}

@article{lyndon:ams2-63_2,
	Author = lyndon,
	Journal = ams2,
	Number = {2},
	Pages = {294--307},
	Title = {The representation of relation algebras, part {II}},
	Volume = {63},
	Year = {1956}}

@article{frias:jigpl-6_2,
	Author = frias # { and } # baum # { and } # haeberer,
	Journal = jigpl,
	Number = {2},
	Pages = {227--257},
	Title = {Representability and program construction within fork algebras},
	Volume = {6},
	Year = {1998}}

@article{nemeti:jigpl-5_1,
	Author = nemeti,
	Journal = jigpl,
	Number = {1},
	Pages = {3--23},
	Title = {Strong representability of fork algebras, a set theoretic foundation},
	Volume = {5},
	Year = {1997}}

@article{shostak:jacm-31_1,
	Author = shostak,
	Journal = jacm,
	Month = {January},
	Number = {1},
	Pages = {1--12},
	Title = {Deciding combinations of theories},
	Volume = {31},
	Year = {1984}}

@article{owre:ieeetse-21_2,
	Author = owre # { and } # rushby # { and } # shankar # { and } # vonhenke,
	Journal = ieeetse,
	Number = {2},
	Optmonth = {February},
	Pages = {107--125},
	Title = {Formal verification for fault-tolerant architectures: prolegomena to the design of {PVS}},
	Volume = {21},
	Year = 1995}

@article{xie:acmtoplas07-press,
	Author = xie # { and } # aiken,
	Journal = acmtoplas,
	Title = {{SATURN}: A Scalable Framework for Error Detection Using Boolean Satisfiability},
	Year = {2007}}

@article{morgan:acmtoplas-10_3,
	Author = morgan,
	Journal = acmtoplas,
	Number = {3},
	Pages = {403--419},
	Title = {The specification statement},
	Volume = {10},
	Year = {1988}}

@article{olderog:acmtoplas-10_3,
	Author = olderog # { and } # apt,
	Journal = acmtoplas,
	Number = {3},
	Pages = {420--455},
	Title = {Fairness in parallel programs: the transformational approach},
	Volume = {10},
	Year = {1988}}

@article{emerson:jacm-33_1,
	Author = emerson # { and } # halpern,
	Journal = jacm,
	Number = {1},
	Pages = {151--178},
	Title = {``Sometimes'' and ``Not never'' revisited: on branching versus linear time temporal logic},
	Volume = {33},
	Year = {1986}}

@article{clarke:acmtoplas-8_2,
	Author = clarke # { and } # emerson # { and } # sistla,
	Journal = acmtoplas,
	Number = {2},
	Pages = {244--263},
	Title = {Automatic verification of finite-state concurrent systems using temporal logic specifications},
	Volume = {8},
	Year = {1986}}

@article{mckenzie:mmj-17,
	Author = mckenzie,
	Journal = mmj,
	Pages = {279--287},
	Title = {Representation of ointegral relation algebras},
	Volume = {17},
	Year = {1970}}

@article{monk:mmj-11,
	Author = monk,
	Journal = mmj,
	Pages = {207--210},
	Title = {On representable relation algebras},
	Volume = {11},
	Year = {1964}}

@article{loeckx:acmtoplas-9_4,
	Author = loeckx,
	Journal = acmtoplas,
	Number = {4},
	Pages = {646--661},
	Title = {Algorithmic specifications: a constructive specification method for abstract data types},
	Volume = {9},
	Year = {1987}}

@article{lamport:cacm-21_7,
	Author = lamport,
	Journal = cacm,
	Number = {7},
	Pages = {558--565},
	Title = {Time, clocks, and the ordering of events in a distributed system},
	Volume = {21},
	Year = {1978}}

@article{shannon:bstj-27,
	Author = shannon,
	Journal = {Bell System Technical Journal},
	Month = {July},
	Pages = {379--423},
	Title = {A mathematical theory of communication, part {I}},
	Volume = {27},
	Year = {1948}}

@article{shannon:bstj-27+,
	Author = shannon,
	Journal = {Bell System Technical Journal},
	Month = {October},
	Pages = {623--656},
	Title = {A mathematical theory of communication, part {II}},
	Volume = {27},
	Year = {1948}}

@article{nelson:acmtoplas-1_2,
	Author = nelson # { and } # oppen,
	Journal = acmtoplas,
	Number = {2},
	Pages = {245--257},
	Title = {Simplification by cooperating decision procedures},
	Volume = {1},
	Year = {1979}}

@article{shostak:cacm-21_7,
	Author = shostak,
	Journal = cacm,
	Number = {7},
	Pages = {583--585},
	Title = {An algorithm for reasoning about equality},
	Volume = {21},
	Year = {1978}}

@article{shostak:jacm-26_2,
	Author = shostak,
	Journal = jacm,
	Number = {2},
	Pages = {351--360},
	Title = {A practical decision procedure for arithmetic with function symbols},
	Volume = {26},
	Year = {1979}}

@article{dijkstra:cacm-18_8,
	Author = dijkstra,
	Journal = cacm,
	Number = {8},
	Pages = {453--457},
	Title = {Guarded commands, nondeterminacy and formal derivation of programs},
	Volume = {18},
	Year = {1975}}

@article{kozen:acmtocl-1_1,
	Author = kozen,
	Journal = acmtocl,
	Number = {1},
	Pages = {60--76},
	Title = {On Hoare logic and Kleene algebra with tests},
	Volume = {1},
	Year = {2000}}

@article{kozen:acmtoplas-19_3,
	Author = kozen,
	Journal = acmtoplas,
	Number = {3},
	Pages = {427--443},
	Title = {Kleene algebra with tests},
	Volume = {19},
	Year = {1997}}

@article{hoare:cacm-26_1,
	Author = hoare,
	Journal = cacm,
	Number = {1},
	Pages = {53--56},
	Title = {An axiomatic basis for computer programming},
	Volume = {26},
	Year = {1983}}

@article{dijkstra:acmsigplannot-10_6,
	Author = dijkstra,
	Journal = acmsigplannot,
	Number = {6},
	Pages = {2--2.13},
	Title = {Guarded commands, non-determinacy and a calculus for the derivation of programs},
	Volume = {10},
	Year = {1975}}

@article{boyer:cacm-45_10,
	Author = boyer # { and } # feijen # { and } # gries # { and } # hoare # { and } # misra # { and } # moore # { and } # richards,
	Journal = cacm,
	Number = {10},
	Pages = {21--22},
	Title = {In memoriam: Edsger {W.} Dijkstra 1930--2002},
	Volume = {45},
	Year = {2002}}

@article{tarski:inma55,
	Author = tarski,
	Journal = inma,
	Note = {Also in \cite{tarski:knaw55}},
	Pages = {56--64},
	Title = {Contributions to the theory of models {III}},
	Volume = {17},
	Year = {1955}}

@article{jackson:acmtosem-11_2,
	Author = jackson,
	Journal = acmtosem,
	Number = {2},
	Pages = {256--290},
	Title = {Alloy: a lightweight object modelling notation},
	Volume = {11},
	Year = {2002}}

@article{jacobs:beatcs-62,
	Author = jacobs # { and } # rutten,
	Journal = beatcs,
	Pages = {222--259},
	Title = {A tutorial on (co)algebras and (co)induction},
	Volume = {62},
	Year = {1997}}

@article{mckay:ja-26_2,
	Author = mckay,
	Journal = ja,
	Month = {February},
	Number = {2},
	Pages = {306--324},
	Title = {Isomorph-Free Exhaustive Generation},
	Volume = {26},
	Year = {1998}}

@article{blok:sl-74_1-2,
	Author = blok # { and } # rebagliato,
	Journal = sl,
	Number = {1--2},
	Optannote = {ISSN: 1572-8730 (Online)},
	Optmonth = {June},
	Optnote = {ISSN: 0039-3215 (Paper)},
	Pages = {153--180},
	Title = {Algebraic semantics for deductive systems},
	Volume = {74},
	Year = {2003}}

@article{voutsadakis:sl-74_1-2,
	Author = voutsadakis,
	Journal = sl,
	Number = {1--2},
	Optannote = {ISSN: 1572-8730 (Online)},
	Optmonth = {June},
	Optnote = {ISSN: 0039-3215 (Paper)},
	Pages = {275 -- 311},
	Title = {Categorical abstract algebraic logic: equivalent institutions},
	Volume = {74},
	Year = {2003}}

@article{font:sl-74_1-2,
	Author = font # { and } # jansana # { and } # pigozzi,
	Journal = sl,
	Number = {1--2},
	Optannote = {ISSN: 1572-8730 (Online)},
	Optmonth = {June},
	Optnote = {ISSN: 0039-3215 (Paper)},
	Pages = {13--97},
	Title = {A survey of abstract algebraic logic},
	Volume = {74},
	Year = {2003}}

@article{lamport:acmtoplas-16_3,
	Author = lamport,
	Journal = acmtoplas,
	Number = {3},
	Pages = {872--923},
	Title = {The temporal logic of actions},
	Volume = {16},
	Year = {1994}}

@article{goguen:jacm-39_1,
	Author = goguen # { and } # burstall,
	Journal = jacm,
	Number = {1},
	Pages = {95--146},
	Title = {Institutions: abstract model theory for specification and programming},
	Volume = {39},
	Year = {1992}}

@article{simkin:cs-14_3,
	Author = simkin # { and } # roychowdhury,
	Journal = cs,
	Number = {3},
	Optnote = avail # {\url{http://arxiv.org/abs/cond-mat/0212043}},
	Pages = {269--274},
	Title = {Read before you cite!},
	Volume = {14},
	Year = {2003}}

@article{simkin:air-11_1,
	Author = simkin # { and } # roychowdhury,
	Journal = air,
	Number = {1},
	Optnote = avail # {\url{http://arxiv.org/abs/cond-mat/0305150}},
	Pages = {24--27},
	Title = {Copied citations create renowned papers?},
	Volume = {11},
	Year = {2005}}

@article{simkin:s-62_3,
	Author = simkin # { and } # roychowdhury,
	Journal = s,
	Number = {3},
	Optnote = avail # {\url{http://arxiv.org/abs/cond-mat/0401529}},
	Pages = {367--384},
	Title = {Stochastic modeling of citation slips},
	Volume = {62},
	Year = {2005}}

@article{jackson:acmtoplas-20_2,
	Author = jackson # { and } # jha # { and } # damon,
	Journal = acmtoplas,
	Number = {2},
	Pages = {302--343},
	Title = {Isomorph-free model enumeration: a new method for checking relational specifications},
	Volume = {20},
	Year = {1998}}

@article{damm:fmsd-19_1,
	Author = damm # { and } # harel,
	Journal = fmsd,
	Number = {1},
	Optnote = {ISSN: 0925-9856},
	Pages = {45--80},
	Title = {LSCs: Breathing life into message sequence charts},
	Volume = {19},
	Year = {2001}}

@article{lowenheim:ma-76,
	Author = lowenheim,
	Journal = ma,
	Pages = {447--470},
	Title = {Uber {M}\"{o}glichkeiten im {R}elativkalkul},
	Volume = {76},
	Year = {1915}}

@article{peirce:maas-9,
	Author = peirce,
	Journal = maas,
	Pages = {317--378},
	Title = {Description of a notation for the logic of relatives, resulting from an amplification of the conceptions of {Boole's} calculus of logic},
	Volume = {9},
	Year = {1870}}

@article{demorgan:tcps-9,
	Author = demorgan,
	Journal = tcps,
	Note = {Reprinted in \cite{demorgan66}},
	Optannote = {Read February 25, 1850},
	Pages = {79--127},
	Title = {On the symbols of logic, the theory of the syllogism, and in particular of the copula, and the application of the theory of probabilities to some questions in the theory of evidence},
	Volume = {9},
	Year = {1856}}

@article{demorgan:tcps-10,
	Author = demorgan,
	Journal = tcps,
	Note = {Reprinted in \cite{demorgan66}},
	Optannote = {Read February 8, 1858},
	Pages = {173--230},
	Title = {On the syllogism: {III}, and on logic in general},
	Volume = {10},
	Year = {1864}}

@article{demorgan+:tcps-10,
	Author = demorgan,
	Journal = tcps,
	Note = {Reprinted in \cite{demorgan66}},
	Optannote = {Read April 23, 1860},
	Pages = {331--358},
	Title = {On the syllogism: {IV}, and on logic of relations},
	Volume = {10},
	Year = {1864}}

@article{diaconescu:tcs-285_2,
	Author = diaconescu # { and } # futatsugi,
	Journal = tcs,
	Number = {2},
	Pages = {289--318},
	Title = {Logical foundations of {CafeOBJ}},
	Volume = {285},
	Year = {2002}}

@article{davis:cacm-5_7,
	Author = davis # { and } # logemann # { and } # loveland,
	Journal = cacm,
	Number = {7},
	Pages = {394--397},
	Title = {A machine program for theorem-proving},
	Volume = {5},
	Year = {1962}}

@article{davis:jacm-7_3,
	Author = davis # { and } # putman,
	Journal = jacm,
	Number = {3},
	Pages = {201--215},
	Title = {A computing procedure for quantification theory},
	Volume = {7},
	Year = {1960}}

@article{tarski:bams-58,
	Author = tarski # { and } # thompson,
	Journal = bams # { (Abstracts)},
	Pages = {65},
	Title = {Some general properties of cylindric algebras. Preliminary report},
	Volume = {58},
	Year = {1952}}

@article{huntington:tams-5,
	Author = huntington,
	Journal = tams,
	Pages = {288--309},
	Title = {Set of independent postulates for the algebra of logic},
	Volume = {5},
	Year = {1904}}

@article{bernstein:sm-16,
	Author = bernstein,
	Journal = sm,
	Pages = {157--160},
	Title = {A dual-symmetric definition of boolean algebra free from postulated special elements},
	Volume = {16},
	Year = {1950}}

@article{veloso:bsl-20_2,
	Author = veloso # { and } # haeberer,
	Journal = bsl,
	Number = {2},
	Pages = {52--62},
	Title = {A finitary relational algebra for classical first-order logic},
	Volume = {20},
	Year = {1991}}

@article{mikulas:bsl-21_3,
	Author = mikulas # { and } # sain # { and } # simon,
	Journal = bsl,
	Number = {3},
	Pages = {103--111},
	Title = {Complexity of equational theory of relational algebras with projection elements},
	Volume = {21},
	Year = {1992}}

@article{alpern:ipl-21_4,
	Author = alpern # { and } # schneider,
	Journal = ipl,
	Number = {4},
	Pages = {181--185},
	Title = {Defining Liveness},
	Volume = {21},
	Year = {1985}}

@article{tomescu:dam-54_1,
	Author = tomescu # { and } # zimand,
	Journal = dam,
	Number = {1},
	Pages = {67--76},
	Title = {Minimum spanning hypertrees},
	Volume = {54},
	Year = {1994}}

@article{cambini:mp-78,
	Author = cambini # { and } # gallo # { and } # scutella,
	Journal = mp,
	Pages = {195--217},
	Title = {Flows on hypergraphs},
	Volume = {78},
	Year = {1997}}

@article{meseguer:tcs-96_1,
	Author = meseguer,
	Journal = tcs,
	Note = {Also in \cite{meseguer:wcc92}},
	Number = {1},
	Pages = {73--155},
	Title = {Conditional rewriting logic as a unified model of concurrency},
	Volume = {96},
	Year = {1992}}

@article{babai:jcss-50_2,
	Author = babai # { and } # cooperman # { and } # finkelstein # { and } # luks # { and } # seress,
	Journal = jcss,
	Number = {2},
	Pages = {296--308},
	Title = {Fast {Monte Carlo} algorithms for permutation groups},
	Volume = {50},
	Year = {1995}}

@article{frias:acmtosem-14_4,
	Author = frias # { and } # lopezpombo # { and } # baum # { and } # aguirre # { and } # maibaum,
	Journal = acmtosem,
	Number = {4},
	Pages = {478--526},
	Title = {Reasoning about static and dynamic properties in {Alloy}: A purely relational approach},
	Volume = {14},
	Year = {2005}}

@article{frias:acmtosem07-press,
	Author = frias # { and } # galeotti # { and } # lopezpombo # { and } # aguirre,
	Journal = acmtosem,
	Title = {Efficient Analysis of {DynAlloy} Specifications},
	Year = {In Press}}

@article{frias:acmtosem-17_1,
	Author = frias # { and } # galeotti # { and } # lopezpombo # { and } # aguirre,
	Journal = acmtosem,
	Number = {1},
	Pages = {1--34},
	Title = {Efficient Analysis of {DynAlloy} Specifications},
	Volume = {17},
	Year = {2007}}

@article{mints:jsl-56_2,
	Author = mints,
	Journal = jsl,
	Month = {June},
	Number = {2},
	Pages = {385--424},
	Title = {Proof theory in the {USSR} 1925--1969},
	Volume = {56},
	Year = {1991}}

@article{segerberg:nams-24_6,
	Author = segerberg,
	Journal = nams,
	Note = {Also in \cite{segerberg:ssbimc78}},
	Number = {6},
	Pages = {A--552},
	Title = {A completeness theorem in the modal logic of programs},
	Volume = {24},
	Year = {1977}}

@article{goguen:acmsigplannot-16_7,
	Author = goguen # { and } # meseguer,
	Journal = {acmsigplannot},
	Note = {Also in \cite{goguen:acmsigplannot-17_1}},
	Number = {7},
	Pages = {24--32},
	Title = {Completeness of many-sorted equational logic},
	Volume = {16},
	Year = {1981}}

@article{goguen:acmsigplannot-17_1,
	Author = goguen # { and } # meseguer,
	Journal = {acmsigplannot},
	Note = {Also in \cite{goguen:acmsigplannot-16_7}},
	Number = {1},
	Pages = {9--17},
	Title = {Completeness of many-sorted equational logic},
	Volume = {17},
	Year = {1982}}

@article{maddux:zmlgm-35,
	Author = maddux,
	Journal = zmlgm,
	Pages = {321--332},
	Title = {Finitary algebraic logic},
	Volume = {35},
	Year = {1989}}

@article{sernadas:sl-59_1,
	Author = sernadas # { and } # sernadas+ # { and } # caleiro,
	Journal = sl,
	Number = {1},
	Pages = {217--247},
	Title = {Synchronization of logics},
	Volume = {59},
	Year = {1997}}

@article{tarski:pjm-5,
	Author = tarski,
	Journal = pjm,
	Pages = {285--309},
	Title = {Lattice-theoretic fixpoint theorem and its applications},
	Volume = {5},
	Year = {1955}}

@article{diaconescu:acs-10_4,
	Author = diaconescu,
	Journal = acs,
	Number = {4},
	Pages = {383--402},
	Title = {Grothendieck institutions},
	Volume = {10},
	Year = {2002}}

@article{diaconescu:acs-6_4,
	Author = diaconescu,
	Journal = acs,
	Number = {4},
	Pages = {427--453},
	Title = {Extra theory morphisms for institutions: logical semantics for multi-paradigm languages},
	Volume = {6},
	Year = {1998}}

@article{tarlecki:tcs-91_2,
	Author = tarlecki # { and } # burstall # { and } # goguen,
	Journal = tcs,
	Number = {2},
	Pages = {239--264},
	Title = {Some fundamental algebraic tools for the semantics of computation: {Part 3: Indexed categories}},
	Volume = {91},
	Year = {1991}}

@article{stone:tams-40,
	Author = stone,
	Journal = tams,
	Pages = {37--111},
	Title = {The theory of representations for boolean algebras},
	Volume = {40},
	Year = {1936}}

@article{veloso:bslogic-1_2,
	Author = veloso # { and } # haeberer # { and } # frias,
	Journal = bslogic,
	Note = {Also in \cite{veloso:alc94}},
	Number = {2},
	Pages = {265--266},
	Title = {Fork algebras as algebras of logic},
	Volume = {1},
	Year = {1995}}

@article{foster:ijsa-11_2,
	Author = foster # { and } # kesselman,
	Journal = ijsa,
	Number = {2},
	Pages = {115--128},
	Title = {Globus: a metacomputing infrastructure toolkit},
	Volume = {11},
	Year = {1997}}

@article{philippsen:cpe-9_11,
	Author = philippsen # { and } # zenger,
	Journal = cpe,
	Number = {11},
	Pages = {1125--1242},
	Title = {{JavaParty} -- Transparent remote objects in {Java}},
	Volume = {9},
	Year = {1997}}

@article{jackson-a:nams-51_4,
	Author = jackson-a,
	Journal = nams,
	Note = {Part I},
	Number = {4},
	Pages = {1038--1056},
	Title = {Comme appel\'{e} du n\'{e}ant -- As if summoned from the void: the life of Alexandre Grothendieck},
	Volume = {51},
	Year = {2004}}

@article{jackson-a:nams-51_10,
	Author = jackson-a,
	Journal = nams,
	Note = {Part II},
	Number = {4},
	Pages = {1196--1212},
	Title = {Comme appel\'{e} du n\'{e}ant -- As if summoned from the void: the life of Alexandre Grothendieck},
	Volume = {51},
	Year = {2004}}

@article{parnas:cacm-15_12,
	Author = parnas,
	Journal = cacm,
	Note = {See also \cite{parnas:sp-cse}},
	Number = {12},
	Pages = {1053--1058},
	Title = {On the criteria to be used in decomposing systems into modules},
	Volume = {15},
	Year = {1972}}

@article{birkhoff:mpcps-31,
	Author = birkhoff,
	Journal = mpcps,
	Pages = {433--454},
	Title = {On the structure of abstract algebra},
	Volume = {31},
	Year = {1935}}

@article{fiadeiro:fac-4_3,
	Author = fiadeiro # { and } # maibaum,
	Journal = fac,
	Number = {3},
	Pages = {239--272},
	Title = {Temporal theories as modularisation units for concurrent system Specification},
	Volume = {4},
	Year = {1992}}

@article{parnas:ieeetse-5_2,
	Author = parnas,
	Journal = ieeetse,
	Note = {See also \cite{parnas:icse78}},
	Number = {2},
	Pages = {128--138},
	Title = {Designing software for ease of extension and contraction},
	Volume = {5},
	Year = {1979}}

@article{berger:mams-66,
	Author = berger,
	Journal = mams,
	Pages = {72},
	Title = {The undecidability of the domino problem},
	Volume = {66},
	Year = {1966}}

@article{fiadeiro:scp-28_2-3,
	Author = fiadeiro # { and } # maibaum,
	Journal = scp,
	Note = {See also \cite{fiadeiro:fmta95}},
	Number = {2--3},
	Pages = {111--138},
	Title = {Categorical semantics of parallel program design},
	Volume = {28},
	Year = {1997}}

@article{sieling:ipl-48_3,
	Author = sieling # { and } # wegener,
	Journal = ipl,
	Number = {3},
	Pages = {139--144},
	Title = {Reduction of {OBDDs} in linear time},
	Volume = {48},
	Year = {1993}}

@article{kripke:apf-16,
	Author = kripke,
	Journal = apf,
	Pages = {83--94},
	Title = {Semantical considerations on modal logic},
	Volume = {16},
	Year = {1963}}

@article{bryant:ieeetc-8,
	Author = bryant,
	Journal = ieeetc,
	Pages = {677--691},
	Title = {Graph-based algorithms for boolean function manipulation},
	Volume = {8},
	Year = {1986}}

@article{marx:jlc-11_5,
	Author = marx,
	Journal = jlc,
	Number = {5},
	Pages = {691--700},
	Title = {Relation algebra with binders},
	Volume = {11},
	Year = {2001}}

@article{rosu:jucs-6_1,
	Author = rosu # { and } # goguen,
	Journal = jucs,
	Number = {1},
	Pages = {194--200},
	Title = {On equational Craig interpolation},
	Volume = {6},
	Year = {2000}}

@article{veloso:ipl-53_5,
	Author = veloso # { and } # maibaum,
	Journal = ipl,
	Number = {5},
	Pages = {287--293},
	Title = {On the modularization theorem for logical specifications},
	Volume = {53},
	Year = {1995}}

@article{veloso:ipl-82_4,
	Author = veloso # { and } # fiadeiro # { and } # veloso+,
	Journal = ipl,
	Number = {4},
	Pages = {203--211},
	Title = {On local modularity and interpolation in entailment systems},
	Volume = {82},
	Year = {2002}}

@article{dimitrakos:ipl-74_1-2,
	Author = dimitrakos # { and } # maibaum,
	Journal = ipl,
	Number = {1--2},
	Pages = {65--71},
	Title = {On a generalized modularization theorem},
	Volume = {74},
	Year = {2000}}

@article{borzyszkowski:tcs-286_2,
	Author = borzyszkowski,
	Journal = tcs,
	Pages = {197--245},
	Title = {Logical systems for structured specifications},
	Tnumber = {2},
	Volume = {286},
	Year = {2002}}

@article{bicarregui:jigpl-9_2,
	Author = bicarregui # { and } # dimitrakos # { and } # gabbay # { and } # maibaum,
	Journal = jigpl,
	Number = {2},
	Pages = {231--244},
	Title = {Interpolation in practical formal development},
	Volume = {9},
	Year = {2001}}

@article{sannella:ic-76_2-3,
	Author = sannella # { and } # tarlecki,
	Journal = ic,
	Number = {2--3},
	Pages = {165--210},
	Title = {Specifications in an arbitrary institution},
	Volume = {76},
	Year = {1988}}

@article{bergstra:jacm-37_2,
	Author = bergstra # { and } # heering # { and } # klint,
	Journal = jacm,
	Number = {2},
	Pages = {335--372},
	Title = {Module algebra},
	Volume = {37},
	Year = {1990}}

@article{defreitas:jpl-32,
	Author = defreitas # { and } # viana # { and } # benevides # { and } # veloso+ # { and } # veloso,
	Journal = jpl,
	Pages = {343--355},
	Title = {Squares in fork arrow logic},
	Volume = {32},
	Year = {2003}}

@article{veloso:jpl-36,
	Author = veloso # { and } # defreitas # { and } # viana # { and } # benevides # { and } # veloso+,
	Journal = jpl,
	Pages = {489--509},
	Title = {On fork arrow logic and its expressive power},
	Volume = {36},
	Year = {2007}}

@article{wells+:nams-54_8,
	Author = wells+,
	Journal = nams,
	Number = {8},
	Pages = {982--984},
	Title = {{Alfred Tarski}, friend and daemon},
	Volume = {54},
	Year = {2007}}

@article{shlyakhter:dam-155_12,
	Author = shlyakhter,
	Journal = dam,
	Number = {12},
	Pages = {1539--1548},
	Title = {Generating effective symmetry-breaking predicates for search problems},
	Volume = {155},
	Year = {2007}}

@article{smullyan:jsl-30_2,
	Author = smullyan,
	Journal = jsl,
	Number = {2},
	Pages = {123--139},
	Title = {Analytic natural deduction},
	Volume = {30},
	Year = {1965}}

@article{sannella:jcss-34_2-3,
	Author = sannella # { and } # tarlecki,
	Journal = jcss,
	Number = {2--3},
	Pages = {150--178},
	Title = {On observational equivalence and algebraic specification},
	Volume = {34},
	Year = {1987}}

@article{roggenbach:tcs-354_1,
	Author = roggenbach,
	Journal = tcs,
	Number = {1},
	Pages = {42--71},
	Title = {{CSP-CASL} -- A new integration of process algebra and algebraic specification},
	Volume = {354},
	Year = {2006}}

@article{astesiano:tcs-286_44,
	Author = astesiano # { and } # bidoit # { and } # kirchner-h # { and } # kriegbruckner # { and } # mosses # { and } # sannella # { and } # tarlecki,
	Journal = tcs,
	Number = {44},
	Pages = {153--196},
	Title = {{CASL}: the Common Algebraic Specification Language},
	Volume = {286},
	Year = {2002}}

@article{hoare:cacm-21_8,
	Author = hoare,
	Journal = cacm,
	Number = {8},
	Pages = {666--677},
	Title = {Communicating sequential processes},
	Volume = {21},
	Year = {1978}}

@article{lopez+:acmtosem-12_1,
	Author = lopes+ # { and } # wermelinger # { and } # fiadeiro,
	Journal = acmtosem,
	Number = {1},
	Pages = {64--104},
	Title = {Higher-order architectural connectors},
	Volume = {12},
	Year = {2003}}

@article{andersen:ic-179_2,
	Author = andersen # { and } # hulgaard,
	Journal = ic,
	Number = {2},
	Pages = {194--212},
	Title = {Boolean expression diagrams},
	Volume = {179},
	Year = {2002}}

@article{khurshid:ase-11_4,
	Author = khurshid # { and } # marinov,
	Journal = {Automated Software Engineering},
	Month = {October},
	Note = kap,
	Number = {4},
	Pages = {403--434},
	Title = {{TestEra}: Specification-Based Testing of Java Programs Using SAT},
	Volume = {11},
	Year = {2004}}

@article{visser:ase-10_2,
	Author = visser # { and } # havelund # { and } # brat # { and } # park # { and } # lerda,
	Journal = {Automated Software Engineering Journal},
	Month = {April},
	Note = kap,
	Number = {2},
	Pages = {203--232},
	Title = {Model Checking Programs},
	Volume = {10},
	Year = {2003}}

@article{fitting:ndjfl-13_2,
	Author = fitting,
	Journal = {Notre Dame Journal of Formal Logic},
	Month = {April},
	Note = lc,
	Number = {2},
	Pages = {237--247},
	Title = {Tableau Methods of Proof for Modal Logics},
	Volume = {13},
	Year = {1972}}
	
@article{demoura-cacm-54_9,
 	Author = demoura # { and } # bjorner+,
 	Title = {Satisfiability modulo theories: introduction and applications},
 	Journal = cacm,
	Volume = {54},
	Number = {9},
	Pages = {69--77},
	Year = {2011},
 	Publisher = acm} 

@article{Davis:1960:CPQ:321033.321034,
 author = {Davis, Martin and Putnam, Hilary},
 title = {A Computing Procedure for Quantification Theory},
 journal = {J. ACM},
 issue_date = {July 1960},
 volume = {7},
 number = {3},
 month = jul,
 year = {1960},
 issn = {0004-5411},
 pages = {201--215},
 numpages = {15},
 url = {http://doi.acm.org/10.1145/321033.321034},
 doi = {10.1145/321033.321034},
 acmid = {321034},
 publisher = {ACM},
 address = {New York, NY, USA},
} 

@article{Davis:1962:MPT:368273.368557,
 author = {Davis, Martin and Logemann, George and Loveland, Donald},
 title = {A machine program for theorem-proving},
 journal = {Commun. ACM},
 issue_date = {July 1962},
 volume = {5},
 number = {7},
 month = jul,
 year = {1962},
 issn = {0001-0782},
 pages = {394--397},
 numpages = {4},
 url = {http://doi.acm.org/10.1145/368273.368557},
 doi = {10.1145/368273.368557},
 acmid = {368557},
 publisher = {ACM},
 address = {New York, NY, USA},
} 

@inproceedings{Biere:1999:SMC:646483.691738,
 author = {Biere, Armin and Cimatti, Alessandro and Clarke, Edmund M. and Zhu, Yunshan},
 title = {Symbolic Model Checking without BDDs},
 booktitle = {Proceedings of the 5th International Conference on Tools and Algorithms for Construction and Analysis of Systems},
 series = {TACAS '99},
 year = {1999},
 isbn = {3-540-65703-7},
 pages = {193--207},
 numpages = {15},
 url = {http://dl.acm.org/citation.cfm?id=646483.691738},
 acmid = {691738},
 publisher = {Springer-Verlag},
 address = {London, UK, UK},
} 

@inproceedings{demoura:tacas08,
	 author = demoura # { and } # bjorner+,
	 title = {Z3: an efficient SMT solver},
	 booktitle = {Proceedings of the Theory and practice of software, 14th international conference on Tools and algorithms for the construction and analysis of systems},
	 series = {TACAS'08/ETAPS'08},
	 year = {2008},
	 isbn = {3-540-78799-2, 978-3-540-78799-0},
	 location = {Budapest, Hungary},
	 pages = {337--340},
	 numpages = {4},
	 url = {http://dl.acm.org/citation.cfm?id=1792734.1792766},
	 acmid = {1792766},
	 publisher = {Springer-Verlag},
	 address = {Berlin, Heidelberg},
} 

@inproceedings{pnueli-ieee-focs77,
	Author = pnueli,
	Title = {The temporal logic of programs},
	Crossref = {ieee-focs77},
	Pages = {46--57}}

@inproceedings{stump:cav02,
	Author = stump # { and } # barrett # { and } # dill,
	Crossref = {cav02},
	Pages = {500--504},
	Title = {{CVC}: a cooperating validity checker}}

@inproceedings{das:iccad02,
	Author = das # { and } # dill,
	Crossref = {iccad02},
	Title = {Counterexample-based predicate discovery in predicate abstraction},
	Year = {2002}}

@inproceedings{galeotti:ifiptc206,
	Author = galeotti # { and } # frias,
	Crossref = {ifiptc206},
	Pages = {249--260},
	Title = {{DynAlloy} as a formal method for the analysis of {Java} programs}}

@inproceedings{owre:cav96,
	Author = owre # { and } # rajan # { and } # rushby # { and } # shankar # { and } # srivas,
	Crossref = {cav96},
	Optnote = {\url{http://www.csl.sri.com/papers/pvs-cav96/}},
	Pages = {411-414},
	Title = {{PVS}: Combining specification, proof checking, and model checking}}

@inproceedings{ruess:cav96,
	Author = ruess # { and } # shankar # { and } # srivas,
	Crossref = {cav96},
	Pages = {123--134},
	Title = {Modular verification of {SRT} division}}

@inproceedings{braberman:entcs-65_6,
	Author = braberman # { and } # lopezpombo # { and } # olivero,
	Crossref = {entcs-65_6},
	Title = {On improving backwards verification of timed automata}}

@inproceedings{cyrluk:cade96,
	Author = cyrluk # { and } # lincoln # { and } # shankar,
	Crossref = {cade96},
	Pages = {463--477},
	Title = {On {Shostak's} decision procedure for combinations of theories}}

@inproceedings{emerson:calp80,
	Author = emerson # { and } # clarke,
	Crossref = {calp80},
	Pages = {169--181},
	Title = {Characterizing correctness properties of parallel programs using fixpoints}}

@inproceedings{haeberer:ifiptc291,
	Author = haeberer # { and } # veloso,
	Crossref = {ifiptc291},
	Pages = {310--352},
	Title = {Partial relations for program derivation: adequacy, inevitability and expressiveness}}

@inproceedings{emerson:lics86,
	Author = emerson # { and } # lei,
	Crossref = {lics86},
	Pages = {267--278},
	Title = {Efficient model checking in fragments of the propositional $\mu$-calculus (Extended abstract)}}

@inproceedings{shankar:lopstr01,
	Author = shankar,
	Crossref = {lopstr01},
	Pages = {1--24},
	Title = {Static analysis for safe destructive updates in a functional language}}

@inproceedings{saidi:cav99,
	Author = saidi # { and } # shankar,
	Crossref = {cav99},
	Pages = {443--454},
	Title = {Abstract and model check while you prove}}

@inproceedings{lamport:acm-sigplan-sigact80,
	Author = lamport,
	Crossref = {acm-sigplan-sigact80},
	Pages = {174--185},
	Title = {``Sometime'' is sometimes ``Not never'': on the temporal logic of programs}}

@inproceedings{owre:cade92,
	Author = owre # { and } # rushby # { and } # shankar,
	Crossref = {cade92},
	Pages = {148--752},
	Title = {{PVS}: A prototype verification system}}

@inproceedings{shankar:tphols01,
	Author = shankar,
	Crossref = {tphols01},
	Pages = {5--26},
	Title = {Using decision procedures with a higher-order logic}}

@inproceedings{owre:fmtrends98,
	Author = owre # { and } # rushby # { and } # shankar # { and } # stringer-calvert,
	Crossref = {fmtrends98},
	Pages = {338--345},
	Title = {{PVS}: an experience report}}

@inproceedings{miller:wift95,
	Author = miller # { and } # srivas,
	Crossref = {wift95},
	Pages = {2--16},
	Title = {Formal verification of the {AAMP5} microprocessor: a case study in the industrial use of formal methods}}

@inproceedings{vandenberg:tacas01,
	Author = vandenberg # { and } # jacobs,
	Crossref = {tacas01},
	Pages = {299--312},
	Title = {The {\sc loop} compiler for {Java} and {JML}}}

@inproceedings{shankar:rta02,
	Author = shankar # { and } # ruess,
	Crossref = {rta02},
	Pages = {1--18},
	Title = {Combining {Shostak} theories}}

@inproceedings{cyrluk:tpcd94,
	Author = cyrluk # { and } # rajan # { and } # shankar # { and } # srivas,
	Crossref = {tpcd94},
	Pages = {203--222},
	Title = {Effective theorem proving for hardware verification}}

@inproceedings{burch:lics90,
	Author = burch # { and } # clarke # { and } # { and } # mcmillan # { and } # dill # { and } # hwang,
	Crossref = {lics90},
	Pages = {428--439},
	Title = {Symbolic model checking: $10^{20}$ states and beyond}}

@inproceedings{rajan:cav95,
	Author = rajan # { and } # shankar # { and } # srivas,
	Crossref = {cav95},
	Pages = {84--97},
	Title = {An integration of model-checking with automated proof checking}}

@inproceedings{frias:icst13,
	Author = {Abad, Pablo and Aguirre, Nazareno and Bengolea, Valeria and Ciolek, Daniel and Frias, Marcelo F. and Galeotti, Juan and Maibaum, Tom and Moscato, Mariano and Rosner, Nicolás and Vissani, Ignacio},
	Title = {Tight Bounds + Incremental SAT = Better Test Generation under Rich Contracts},
	booktitle = {Proceedings  of the 6th IEEE International Conference on Software Testing, Verification and Validation},
	year = {2013}
}

@inproceedings{frias:relmics01+,
	Author = frias # { and } # baum # { and } # maibaum,
	Crossref = {relmics01-f},
	Pages = {66--80},
	Title = {Interpretability of first-order dynamic logic in a relational calculus}}

@inproceedings{frias:psi96,
	Author = frias # { and } # baum # { and } # haeberer,
	Crossref = {psi96},
	Pages = {214--226},
	Title = {Adding design strategies to fork algebras}}

@inproceedings{frias:relmics01,
	Author = frias # { and } # baum # { and } # lopezpombo,
	Crossref = {relmics01},
	Pages = {365--377},
	Title = {A comparisson of $\mathbf{A_g}$ with {Alloy}}}

@inproceedings{frias:relmics03,
	Author = frias # { and } # lopezpombo,
	Crossref = {relmics03},
	Pages = {105--111},
	Title = {Time is on my side}}

@inproceedings{frias:relmics03+,
	Author = frias,
	Crossref = {relmics03},
	Pages = {257--269},
	Title = {Translating with sense}}

@inproceedings{arkoudas:relmics03,
	Author = arkoudas # { and } # khurshid # { and } # marinov # { and } # rinard,
	Crossref = {relmics03-f},
	Pages = {204--213},
	Title = {Integrating model checking and theorem proving for relational reasoning}}

@inproceedings{frias:fm03,
	Author = frias # { and } # lopezpombo # { and } # baum # { and } # aguirre # { and } # maibaum,
	Crossref = {fm03},
	Pages = {678--697},
	Title = {Taking {Alloy} to the movies}}

@inproceedings{emerson:acm-stc84,
	Author = emerson # { and } # sistla,
	Crossref = {acm-stc84},
	Pages = {14--24},
	Title = {Deciding branching time logic}}

@inproceedings{jackson:acm-sigsoft98,
	Author = jackson,
	Crossref = {acm-sigsoft98},
	Pages = {121--130},
	Title = {An intermediate design language and its analysis}}

@inproceedings{jackson:acm-sigsoft00,
	Author = jackson,
	Crossref = {acm-sigsoft00},
	Pages = {130--139},
	Title = {Automating first-order relational logic}}

@inproceedings{jackson:acm-sigsoft01,
	Author = jackson # { and } # shlyakhter # { and } # sridharan,
	Crossref = {acm-sigsoft01},
	Pages = {62--73},
	Title = {A micromodularity mechanism}}

@inproceedings{gabbay:acm-sigplan-sigact80,
	Author = gabbay # { and } # pnueli # { and } # shelah # { and } # stavi,
	Crossref = {acm-sigplan-sigact80},
	Pages = {163--173},
	Title = {On the temporal analysis of fairness}}

@inproceedings{benari:acm-sigplan-sigact81,
	Author = benari # { and } # manna # { and } # pnueli,
	Crossref = {acm-sigplan-sigact81},
	Pages = {164--176},
	Title = {The temporal logic of branching time}}

@inproceedings{das:lics01,
	Author = das # { and } # dill,
	Crossref = {lics01},
	Title = {Successive Approximation of Abstract Transition Relations},
	Year = {2001}}

@inproceedings{ruess:lics01,
	Author = ruess # { and } # shankar,
	Crossref = {lics01},
	Pages = {19--28},
	Title = {Deconstructing {Shostak}}}

@inproceedings{dijkstra:icrs75,
	Author = dijkstra,
	Crossref = {icrs75},
	Pages = {2--2.13},
	Title = {Guarded commands, non-determinacy and a calculus for the derivation of programs}}

@inproceedings{marques-silva:iccad96,
	Author = marques-silva # { and } # sakallah,
	Crossref = {iccad96},
	Pages = {220--227},
	Title = {{GRASP} -- A new search algorithm for satisfiability}}

@inproceedings{sernadas:amast97,
	Author = sernadas # { and } # sernadas+ # { and } # caleiro,
	Crossref = {amast97},
	Pages = {465--478},
	Title = {Synchronization of logics with mixed rules: Completeness preservation}}

@inproceedings{baum:amast98,
	Author = baum # { and } # frias # { and } # maibaum,
	Crossref = {amast98},
	Pages = {91--105},
	Title = {A Logic for Real-Time Systems Specification, Its Algebraic Semantics, and Equational Calculus}}

@inproceedings{goguen:cmwlp84,
	Author = goguen # { and } # burstall,
	Crossref = {cmwlp84},
	Pages = {221--256},
	Title = {Introducing Institutions}}

@inproceedings{goldberg:date02,
	Author = goldberg # { and } # novikov,
	Crossref = {date02},
	Pages = {142--149},
	Title = {{BerkMin}: A fast and robust sat-solver}}

@inproceedings{moskewicz:da01,
	Author = moskewicz # { and } # madigan # { and } # zhao # { and } # zhang # { and } # malik,
	Crossref = {da01},
	Pages = {530--535},
	Title = {{Chaff}: engineering an efficient {SAT} solver},
	Year = {2001}}

@inproceedings{jeremaes:ieese86,
	Author = jeremaes # { and } # khosla # { and } # maibaum,
	Crossref = {ieese86},
	Pages = {278--294},
	Title = {A modal (action) logic for requirements specification}}

@inproceedings{fischer:acmtc77,
	Author = fischer # { and } # ladner,
	Crossref = {acmtc77},
	Pages = {286--294},
	Title = {Propositional modal logic of programs}}

@inproceedings{frias:icfem04,
	Author = frias # { and } # lopezpombo # { and } # aguirre,
	Crossref = {icfem04},
	Pages = {162--175},
	Title = {An equational calculus for {Alloy}}}

@inproceedings{aguirre:icfem08,
	Author = aguirre # { and } # frias # { and } # ponzio # { and } # cardiff # { and } # galeotti # { and } # regis,
	Crossref = {icfem08},
	Title = {Towards abstraction for {DynAlloy} specifications}}

@inproceedings{frias:relmics05,
	Author = frias # { and } # galeotti # { and } # lopezpombo # { and } # roman,
	Crossref = {relmics05},
	Pages = {61--68},
	Title = {Fork Algebra as a formalism to reason across behavioral specifications (Extended abstract)}}

@inproceedings{frias:relmics05+,
	Author = frias # { and } # galeotti # { and } # lopezpombo # { and } # aguirre,
	Crossref = {relmics05},
	Pages = {57--60},
	Title = {{DynAlloy}: Upgrading {Alloy} with actions (Extended abstract)}}

@inproceedings{litak:relmics06-f,
	Author = litak,
	Crossref = {relmics06-f},
	Pages = {281--295},
	Title = {Algebraization of hybrid logic with binders}}

@inproceedings{frias:relmics06-f,
	Author = frias # { and } # gamarra # { and } # steren # { and } # bourg,
	Crossref = {relmics06-f},
	Pages = {177--191},
	Title = {Monotonicity analysis can speed up verification}}

@inproceedings{gay:cc00,
	Author = gay # { and } # steensgaard,
	Crossref = {cc00},
	Pages = {82--93},
	Title = {Fast Escape Analysis and Stack Allocation for Object-Based Programs}}

@inproceedings{bueno:comblog04,
	Author = bueno # { and } # coniglio # { and } # carnielli,
	Crossref = {comblog04},
	Pages = {79--86},
	Title = {Finite algebraizability via possible-translations semantics}}

@inproceedings{griffioen:tphols98,
	Author = griffioen # { and } # huisman,
	Crossref = {tphols98},
	Pages = {123--142},
	Title = {A Comparison of {PVS} and {Isabelle/HOL}}}

@inproceedings{chou:cav99,
	Author = chou,
	Crossref = {cav99},
	Pages = {196--207},
	Title = {The mathematical foundation of symbolic trajectory evaluation}}

@inproceedings{bjesse:cav01,
	Author = bjesse # { and } # leonard # { and } # mokkedem,
	Crossref = {cav01},
	Pages = {454--464},
	Title = {Finding bugs in an {Alpha} microprocessor using satisfiability solvers}}

@inproceedings{jackson:acm-sigplan-sigact96,
	Author = jackson # { and } # jha # { and } # damon,
	Crossref = {acm-sigplan-sigact96},
	Pages = {79--90},
	Title = {Faster checking of software specifications by eliminating isomorphs}}

@inproceedings{damon:icse97,
	Author = damon,
	Crossref = {icse97},
	Pages = {596--597},
	Title = {Nitpick: a tool for interactive design analysis}}

@inproceedings{jackson:acm-sigsoft96,
	Author = jackson,
	Crossref = {acm-sigsoft96},
	Pages = {60--69},
	Title = {Nitpick: a checkable specification language}}

@inproceedings{frias:icse05,
	Author = frias # { and } # galeotti # { and } # lopezpombo # { and } # aguirre,
	Crossref = {icse05},
	Pages = {442--450},
	Title = {{DynAlloy}: Upgrading {Alloy} with actions}}

@inproceedings{kugler:tacas05,
	Author = kugler # { and } # harel # { and } # pnueli # { and } # lu # { and } # bontemps,
	Crossref = {tacas05},
	Pages = {445--480},
	Title = {Temporal logic for scenario-based specifications}}

@inproceedings{damm:fmoods99,
	Author = damm # { and } # harel,
	Crossref = {fmoods99},
	Pages = {451},
	Title = {{LSCs}: Breathing life into message sequence charts}}

@inproceedings{vardi:lics86,
	Author = vardi # { and } # wolper,
	Crossref = {lics86},
	Pages = {332--344},
	Title = {An automata-theoretic approach to automatic program verification (Preliminary report)}}

@inproceedings{jackson:fse00,
	Author = jackson # { and } # sullivan,
	Crossref = {fse00},
	Pages = {149--158},
	Title = {{COM} revisited: tool-assisted modelling of an architectural framework}}

@inproceedings{jackson:icse00,
	Author = jackson # { and } # schechter # { and } # shlyakhter,
	Crossref = {icse00},
	Pages = {730--733},
	Title = {Alcoa: the alloy constraint analyzer}}

@inproceedings{cleaveland:cav92,
	Author = cleaveland # { and } # klein # { and } # steffen,
	Crossref = {cav92},
	Pages = {410--422},
	Title = {Faster model checking for the modal mu-calculus}}

@inproceedings{fiadeiro:amast96,
	Author = fiadeiro,
	Crossref = {amast96},
	Pages = {421--443},
	Title = {On the emergence of properties in component-based systems}}

@inproceedings{zhang+:cade97,
	Author = zhang+,
	Crossref = {cade97},
	Pages = {272--275},
	Title = {{SATO}: An efficient propositional prover}}

@inproceedings{zhang:cav02,
	Author = zhang # { and } # malik,
	Crossref = {cav02},
	Pages = {17--36},
	Title = {The quest for efficient boolean satisfiability solvers}}

@inproceedings{li:ijcai97,
	Author = li # { and } # anbulagan,
	Crossref = {ijcai97},
	Pages = {366--371},
	Title = {Heuristics based on unit propagation for satisfiability problems}}

@inproceedings{gomes:aaai98,
	Author = gomes # { and } # selman # { and } # kautz,
	Crossref = {aaai98},
	Pages = {431--437},
	Title = {Boosting combinatorial search through randomization}}

@inproceedings{marques-silva:epia99,
	Author = marques-silva,
	Crossref = {epia99},
	Pages = {62--74},
	Title = {The impact of branching heuristics in propositional satisfiability algorithms}}

@inproceedings{zhang:iccad01,
	Author = zhang # { and } # madigan # { and } # moskewicz # { and } # malik,
	Crossref = {iccad01},
	Pages = {279--285},
	Title = {Efficient conflict driven learning in boolean satisfiability solver}}

@inproceedings{damon:tacas96,
	Author = damon # { and } # jackson,
	Crossref = {tacas96},
	Pages = {70--86},
	Title = {Efficient search as a means of executing specifications}}

@inproceedings{ranjan:sat04,
	Author = ranjan # { and } # tang # { and } # malik,
	Crossref = {sat04},
	Note = {On-line proceedings},
	Title = {A comparative study of {2QBF} algorithms}}

@inproceedings{tang:sat04,
	Author = tang # { and } # yu # { and } # ranjan # { and } # malik,
	Crossref = {sat04},
	Note = {On-line proceedings},
	Title = {Analysis of search based algorithms for satisfiability of quantified boolean formulas arising from circuit state space diameter problems}}

@inproceedings{zhang:iccad02,
	Author = zhang # { and } # malik,
	Crossref = {iccad02},
	Pages = {442--449},
	Title = {Conflict driven learning in a quantified boolean satisfiability solver}}

@inproceedings{zhang:date03,
	Author = zhang # { and } # malik,
	Crossref = {date03},
	Note = {On-line proceedings},
	Title = {Validating {SAT} solvers using an independent resolution-based checker: Practical omplementations and other applications}}

@inproceedings{zhang:cp02,
	Author = zhang # { and } # malik,
	Crossref = {cp02},
	Pages = {200--215},
	Title = {Towards a symmetric treatment of satisfaction and conflicts in quantified boolean formula evaluation}}

@inproceedings{haeberer:fmpta93,
	Author = haeberer # { and } # baum # { and } # schmidt,
	Crossref = {fmpta93},
	Pages = {281--298},
	Title = {On the smooth calculation of relational recursive expressions out of first-order non-constructive specificationes involving quantifiers}}

@inproceedings{tarlecki:sadt-rtdts95,
	Author = tarlecki,
	Crossref = {sadt-rtdts95},
	Pages = {478--502},
	Title = {Moving between logical systems}}

@inproceedings{clavel:entcs-15,
	Author = clavel # { and } # duran # { and } # lincoln # { and } # martioliet # { and } # meseguer # { and } # quesada,
	Crossref = {entcs-15},
	Pages = {147--160},
	Title = {Maude as a metalanguage}}

@inproceedings{mosses:entcs-15,
	Author = mosses,
	Crossref = {entcs-15},
	Pages = {404--421},
	Title = {Semantics, modularity, and rewriting logic}}

@inproceedings{clavel:entcs-4,
	Author = clavel # { and } # eker # { and } # lincoln # { and } # meseguer,
	Crossref = {entcs-4},
	Pages = {65--89},
	Title = {Principles of {Maude}}}

@inproceedings{martioliet:entcs-4,
	Author = martioliet # { and } # meseguer,
	Crossref = {entcs-4},
	Note = {Also in \cite{martioliet:SRI-CSL-93-05} and \cite{martioliet:hpl01}},
	Pages = {190--225},
	Title = {Rewriting logic as a logical and semantic framework}}

@inproceedings{clavel:fm99,
	Author = clavel # { and } # duran # { and } # eker # { and } # meseguer # { and } # stehr,
	Crossref = {fm99},
	Pages = {1684--1703},
	Title = {{Maude} as a formal meta-tool}}

@inproceedings{meseguer:wcc92,
	Author = meseguer,
	Crossref = {wcc92},
	Note = {Also in \cite{meseguer:tcs-96_1}},
	Pages = {73--155},
	Title = {Conditional rewriting logic as a unified model of concurrency}}

@inproceedings{mossakowski:wcul05,
	Author = mossakowski # { and } # goguen # { and } # diaconescu # { and } # tarlecki,
	Crossref = {wcul05},
	Note = {Also in \cite{mossakowski:beziau05}},
	Title = {What is a logic?}}

@inproceedings{frias:ase05,
	Author = frias # { and } # gamarra # { and } # steren # { and } # bourg,
	Crossref = {ase05},
	Pages = {305--308},
	Title = {A strategy for efficient verification of relational specification, based in monotonicity analysis}}

@inproceedings{babai:issac91,
	Author = babai # { and } # cooperman # { and } # finkelstein # { and } # seress,
	Crossref = {issac91},
	Pages = {200--209},
	Title = {Nearly linear time algorithms for permutation groups with a small base}}

@inproceedings{meseguer:lc87,
	Author = meseguer,
	Crossref = {lc87},
	Pages = {275--329},
	Title = {General logics}}

@inproceedings{segerberg:ssbimc78,
	Author = segerberg,
	Crossref = {ssbimc78},
	Pages = {31--46},
	Title = {A completeness theorem in the modal logic of programs}}

@inproceedings{duran:entcs-29,
	Author = duran # { and } # meseguer,
	Crossref = {entcs-29},
	Pages = {23--41},
	Title = {Structured theories and institutions}}

@inproceedings{fiadeiro:rtdts87,
	Author = fiadeiro # { and } # sernadas,
	Crossref = {rtdts87},
	Pages = {44--72},
	Title = {Structuring theories on consequence}}

@inproceedings{yovine:les-eef-ses98,
	Author = yovine,
	Crossref = {les-eef-ses98},
	Pages = {114--152},
	Title = {Model checking timed automata}}

@inproceedings{lopezpombo:amast06,
	Author = lopezpombo # { and } # frias,
	Crossref = {amast06},
	Pages = {235--247},
	Title = {Fork algebras as a sufficiently rich universal institution}}

@inproceedings{tarski:knaw55,
	Author = tarski,
	Crossref = {knaw55},
	Note = {Also in \cite{tarski:inma55}},
	Title = {Contributions to the theory of models {III}}}

@inproceedings{taghdiri:ase04,
	Author = taghdiri,
	Crossref = {ase04},
	Pages = {144--153},
	Title = {Inferring specifications to detect errors in code}}

@inproceedings{frias:tacas07-press,
	Author = frias # { and } # lopezpombo # { and } # moscato,
	Crossref = {tacas07-press},
	Pages = {TBD},
	Title = {{Alloy Analyzer+PVS} in the Analysis and Verification of {Alloy} Specifications}}

@inproceedings{frias:tacas07,
	Author = frias # { and } # lopezpombo # { and } # moscato,
	Crossref = {tacas07},
	Pages = {587--601},
	Title = {{Alloy Analyzer+PVS} in the Analysis and Verification of {Alloy} Specifications}}

@inproceedings{frias:acm-sigsoft-aw06,
	Author = frias # { and } # lopezpombo # { and } # moscato,
	Crossref = {acm-sigsoft-aw06},
	Title = {Dynamite: {Alloy Analyzer+PVS} in the Analysis and Verification of {Alloy} Specifications}}

@inproceedings{frias:acm-sigsoft-aw06+,
	Author = frias # { and } # galeotti,
	Crossref = {acm-sigsoft-aw06},
	Title = {Faster {SAT}-based analysis of {OO}-programs by separation of mutant and non mutant objects}}

@inproceedings{parnas:icse78,
	Author = parnas,
	Crossref = {icse78},
	Note = {See also \cite{parnas:ieeetse-5_2}},
	Pages = {264--277},
	Title = {Designing software for ease of extension and contraction}}

@inproceedings{defreitas:entcs-165,
	Author = defreitas # { and } # veloso # { and } # veloso+ # { and } # viana,
	Crossref = {entcs-165},
	Pages = {201--212},
	Title = {Reasoning with graphs}}

@inproceedings{defreitas:entcs-67,
	Author = defreitas # { and } # viana,
	Crossref = {entcs-67},
	Pages = {1--14},
	Title = {A completeness result for relation algebra with binders}}

@inproceedings{fiadeiro:fmta95,
	Author = fiadeiro # { and } # maibaum,
	Crossref = {fmta95},
	Note = {See also \cite{fiadeiro:scp-28_2-3}},
	Title = {Categorical semantics of parallel program design}}

@inproceedings{fiadeiro:fse95,
	Author = fiadeiro # { and } # maibaum,
	Crossref = {fse95},
	Pages = {72--80},
	Title = {Interconnecting formalisms: supporting modularity, reuse and incrementality}}

@inproceedings{sannella:calp92,
	Author = sannella # { and } # tarlecki,
	Crossref = {calp92},
	Note = {See also \cite{sannella:ECS-LFCS-92-204}},
	Pages = {656--671},
	Title = {Toward formal development of programs from algebraic specifications: model-theoretic foundations}}

@inproceedings{zave:fm05,
	Author = zave,
	Crossref = {fm05},
	Pages = {318-333},
	Title = {A formal model of addressing for interoperating networks}}

@inproceedings{buchi:iclmps62,
	Author = buchi,
	Crossref = {iclmps62},
	Pages = {1--11},
	Title = {On a decision method in restricted second order arithmetic}}

@inproceedings{borzyszkowski:wadt97,
	Author = borzyszkowski,
	Crossref = {wadt97},
	Pages = {107--121},
	Title = {Completeness of a logical system for structured specifications}}

@inproceedings{borzyszkowski:wadt98,
	Author = borzyszkowski,
	Crossref = {wadt98},
	Pages = {16--30},
	Title = {Moving specification structures between logical systems}}

@inproceedings{benevides:entcs-195,
	Author = benevides # { and } # delgado # { and } # lopezpombo # { and } # lopes # { amd } # ribeiro,
	Crossref = {entcs-195},
	Pages = {133--149},
	Title = {A Compositional Automata-based Approach for Model Checking Multi-Agent Systems}}

@inproceedings{tarlecki:ctcp86,
	Author = tarlecki,
	Crossref = {ctcp86},
	Pages = {334--363},
	Title = {Bits and pieces of the theory of institutions}}

@inproceedings{brace:da90,
	Author = brace # { and } # rudell # { and } # bryant,
	Crossref = {da90},
	Pages = {40--45},
	Title = {Efficient implementation of a {BDD} package}}

@inproceedings{torlak:tacas07,
	Author = torlak # { and } # jackson,
	Crossref = {tacas07},
	Pages = {632--647},
	Title = {{Kodkod}: A relational model finder}}

@inproceedings{mossakowski:tacas07,
	Author = mossakowski # { and } # maeder # { and } # luttich,
	Crossref = {tacas07},
	Pages = {519--522},
	Title = {The heterogeneous tool set, {Hets}}}

@inproceedings{burstall:mfcs80,
	Author = burstall,
	Crossref = {mfcs80},
	Pages = {22--39},
	Title = {Electronic category theory}}

@inproceedings{bjorner:mfcs80,
	Author = bjorner,
	Crossref = {mfcs80},
	Pages = {1--21},
	Title = {Formal description of programming concepts}}

@inproceedings{crawford:krr96,
	Author = crawford # { and } # ginsberg # { and } # luks # { and } # roy,
	Crossref = {krr96},
	Pages = {148--159},
	Title = {Symmetry breaking predicates for search problems}}

@inproceedings{bozga:ftrtft98,
	Author = bozga # { and } # daws # { and } # maler # { and } # olivero # { and } # tripakis # { and } # yovine,
	Crossref = {ftrtft98},
	Pages = {298--302},
	Title = {{KRONOS}: A model-checking tool for real-time systems (Tool presentation for {FTRTFT '98})}}

@inproceedings{bozga:cav98,
	Author = bozga # { and } # daws # { and } # maler # { and } # olivero # { and } # tripakis # { and } # yovine,
	Crossref = {cav98},
	Pages = {546--550},
	Title = {{KRONOS}: A model-checking tool for real-time systems}}

@inproceedings{vanlamsweerde:icse00,
	Author = vanlamsweerde,
	Crossref = {icse00},
	Pages = {147--159},
	Title = {Formal specification: a roadmap}}

@inproceedings{diaconescu:le91,
	Author = diaconescu # { and } # goguen # { and } # stefaneas,
	Crossref = {le91},
	Pages = {83--130},
	Title = {Logical support for modularisation}}

@inproceedings{cengarle:cgm08,
	Author = cengarle # { and } # knapp # { and } # tarlecki # { and } # wirsing,
	Crossref = {cgm08},
	Pages = {383--402},
	Title = {A heterogeneous approach to {UML} semantics}}

@inproceedings{wirsing:tgc06,
	Author = wirsing # { and } # denicola # { and } # gilmore # { and } # holzl # { and } # lucchi # { and } # tribastone # { and } # zavattaro,
	Crossref = {tgc06},
	Pages = {30--50},
	Title = {{SENSORIA} Process Calculi for Service-Oriented Computing}}

@inproceedings{fiadeiro:wsfm06,
	Author = fiadeiro # { and } # lopes+ # { and } # bocchi,
	Crossref = {wsfm06},
	Pages = {193--213},
	Title = {A Formal Approach to Service Component Architecture}}

@inproceedings{fischer+:fmoods97,
	Author = fischer+,
	Crossref = {fmoods97},
	Pages = {423--438},
	Title = {{CSP-OZ}: a combination of {object-Z} and {CSP}}}

@inproceedings{reggio:amast00,
	Author = reggio # { and } # repetto,
	Crossref = {amast00},
	Pages = {243--257},
	Title = {{CASL-CHART}: a combination of statecharts and of the algebraic specification language {CASL}}}

@inproceedings{tarlecki:nato-asimalles03,
	Author = tarlecki,
	Crossref = {nato-asimalles03},
	Pages = {43--79},
	Title = {Abstract specification theory: an overview}}

@inproceedings{wirsing:nato-asilas93,
	Author = wirsing,
	Crossref = {nato-asilas93},
	Pages = {411--442},
	Title = {Structured specifications: Syntax, semantics, and proof calculus}}

@inproceedings{mossakowski:fsscs02,
 	Author = mossakowski,
 	Crossref = {fsscs02},
	Pages = {326--341},
	Title = {Heterogeneous Development Graphs and Heterogeneous Borrowing}}
 
@inproceedings{tarlecki:frocos98,
	Author = tarlecki,
	Crossref = {frocos98},
	Pages = {337--360},
	Title = {Towards heterogeneous specifications}}

@inproceedings{zave:fm06,
	Author = zave,
	Crossref = {fm06},
	Pages = {332--347},
	Title = {Compositional binding in network domains}}

@inproceedings{moscato:ictac10,
	Author = moscato # { and } # lopezpombo # { and } # frias,
	Crossref = {ictac10},
	Pages = {275--289},
	Title = {Dynamite 2.0: New Features Based on UnSAT-Core Extraction to Improve Verification of Software Requirements}}

@inproceedings{lopezpombo:ictac10,
	Author = lopezpombo # { and } # frias,
	Crossref = {ictac10},
	Pages = {290--305},
	Title = {Complete Calculi for Structured Specifications in Fork Algebra}}

@inproceedings{castro:ictac10,
	Author = castro # { and } # aguirre # { and } # lopezpombo # { and } # maibaum,
	Crossref = {ictac10},
	Pages = {306--321},
	Title = {Towards Managing Dynamic Reconfiguration of Software Systems in a Categorical Setting.}}

@inproceedings{een:tast03,
	Author = een # { and } # sorensson,
	Crossref = {tast03},
	Pages = {502--518},
	Title = {An extensible SAT solver}}

@inproceedings{chalin:fmco05,
	Author = chalin # { and } # kiniry # { and } # leavens # { and } # poll,
	Crossref = {fmco05},
	Optpublisher = sv,
	Pages = {342--363},
	Title = {Beyond Assertions: Advanced Specification and Verification with {JML} and {ESC/Java2}}}

@inproceedings{dennis:issta06,
	Author = dennis # { and } # chang+ # { and } # jackson,
	Crossref = {issta06},
	Optpublisher = acm,
	Pages = {109--120},
	Title = {Modular verification of code with {SAT}}}

@inproceedings{dennis:vstte08,
	Author = dennis # { and } # yessenov # { and } # jackson,
	Crossref = {vstte08},
	Optpublisher = sv,
	Pages = {130--145},
	Title = {Bounded Verification of Voting Software}}

@inproceedings{een:sat04,
	Author = een # { and } # sorensson,
	Crossref = {sat04},
	Pages = {333--336},
	Title = {An Extensible {SAT}-solver}}

@inproceedings{belt:fse09,
	Author = belt # { and } # robby # { and } # deng,
	Crossref = {fse09},
	Pages = {355--364},
	Title = {{Sireum/Topi LDP}: a lightweight semi-decision procedure for optimizing symbolic execution-based analyses}}

@inproceedings{barnett:cassis05,
	Author = barnett # { and } # leino # { and } # schulte,
	Crossref = {cassis05},
	Pages = {49--69},
	Title = {The Spec\# Programming System: An Overview}}

@inproceedings{boyapati:issta02,
	Author = boyapati # { and } # khurshid # { and } # marinov,
	Crossref = {issta02},
	Pages = {123--133},
	Title = {Korat: automated testing based on Java predicates}}

@inproceedings{dippolito:abz10,
	Author = dippolito # { and } # frias # { and } # galeotti # { and } # lanzarotti # { and } # mera,
	Crossref = {abz10},
	Pages = {160--173},
	Title = {{Alloy+HotCore:} a Fast Approximation to Unsat Core}}

@inproceedings{rosner:abz10,
	Author = rosner # { and } # galeotti # { and } # lopezpombo # { and } # frias,
	Crossref = {abz10},
	Pages = {396--397},
	Title = {ParAlloy: Towards a Framework for Efficient Parallel Analysis of Alloy Models}}

@inproceedings{galeotti:apv09,
	Author = galeotti # { and } # rosner # { and } # lopezpombo # { and } # frias,
	Crossref = {apv09},
	Title = {Distributed SAT-Based Analysis of Object Oriented Code}}

@inproceedings{moscato:apv09,
	Author = moscato # { and } # lopezpombo # { and } # frias,
	Crossref = {apv09},
	Title = {Lessons Learnt on the Verification of Models Using Dynamite}}

@inproceedings{galeotti:issta10,
	Author = galeotti # { and } # rosner # { and } # lopezpombo # { and } # frias,
	Crossref = {issta10},
	Optpublisher = acm,
	Pages = {25--35},
	Title = {Analysis of Invariants for Efficient Bounded Verification}}

@inproceedings{fiadeiro:icdcwtfm93,
 	Author = fiadeiro # { and } # maibaum,
	Crossref = {icdcwtfm93},
	Title = {Generalising Interpretations between Theories in the context of $\pi$-Institutions},
 	Pages = {126--147}} 
 	
@inproceedings{Cook:1971:CTP:800157.805047,
 author = {Cook, Stephen A.},
 title = {The complexity of theorem-proving procedures},
 booktitle = {Proceedings of the third annual ACM symposium on Theory of computing},
 series = {STOC '71},
 year = {1971},
 location = {Shaker Heights, Ohio, United States},
 pages = {151--158},
 numpages = {8},
 url = {http://doi.acm.org/10.1145/800157.805047},
 doi = {10.1145/800157.805047},
 acmid = {805047},
 publisher = {ACM},
 address = {New York, NY, USA},
} 

@proceedings{ieee-focs77,
	Title = {18th. Annual IEEE Symposium on Foundations of Computer Science},
	Year = {1977},
	Publisher = ieeecs,
	Organization = ieeecs,
	Address = {Los Alamitos, CA, USA},
	Booktitle = proc # {18th. Annual IEEE Symposium on Foundations of Computer Science}}

@proceedings{acm-sigsoft-aw06,
	Address = {Portland, Oregon, USA},
	Booktitle = proc # {the 1st {ACM} {SIGSOFT} Alloy Workshop},
	Editor = jackson # { and } # zave,
	Month = {November},
	Organization = acmorg,
	Title = {1st. {ACM} {SIGSOFT} Alloy Workshop},
	Year = {2006}}

@proceedings{issac91,
	Address = {Bonn, West Germany},
	Booktitle = proc # {the 1991 international symposium on Symbolic and algebraic computation},
	Editor = watt-s,
	Publisher = acm,
	Title = {1991 international symposium on Symbolic and algebraic computation},
	Year = {1991}}

@proceedings{cade96,
	Address = {New Brunswick, {NJ}},
	Booktitle = proc # {the 13th International Conference on Automated Deduction ({CADE})},
	Editor = mcrobbie # { and } # slaney,
	Month = {July/August},
	Publisher = sv,
	Series = lnai,
	Title = {International Conference on Automated Deduction ({CADE})},
	Volume = {1104},
	Year = {1996}}

@proceedings{acm-sigsoft98,
	Address = {Lake Buena Vista, Florida, United States},
	Booktitle = proc # {the 6th {ACM} {SIGSOFT} international symposium on Foundations of software engineering},
	Optnote = {ISBN: 1-58113-108-9},
	Organization = acmorg,
	Publisher = acm,
	Title = {6th {ACM} {SIGSOFT} international symposium on Foundations of software engineering},
	Year = {1998}}

@proceedings{acm-sigsoft00,
	Address = {San Diego, California, United States},
	Booktitle = proc # {the 8th {ACM} {SIGSOFT} international symposium on Foundations of software engineering},
	Optnote = {ISBN: 1-58113-205-0},
	Organization = acmorg,
	Publisher = acm,
	Title = {8th {ACM} {SIGSOFT} international symposium on Foundations of software engineering},
	Year = {2000}}

@proceedings{acm-sigsoft01,
	Address = {Vienna, Austria},
	Booktitle = proc # {the 8th European software engineering conference held together with the 9th {ACM} {SIGSOFT} international symposium on Foundations of software engineering},
	Optnote = {ISBN: 1-58113-390-1},
	Organization = acmorg,
	Publisher = acm,
	Title = {9th {ACM} {SIGSOFT} international symposium on Foundations of software engineering},
	Year = {2001}}

@proceedings{acm-stc84,
	Booktitle = proc # {the 16th. annual ACM Symposium on Theory of computing},
	Optnote = {ISBN: 0-89791-133-4},
	Organization = acmorg,
	Publisher = acm,
	Title = {Symposium on Theory of computing},
	Year = {1984}}

@proceedings{fm03,
	Address = {Pisa, Italy},
	Booktitle = proc # {Formal Methods 2003: the 12th. International {FME} Symposium},
	Editor = araki # { and } # gnesi # { and } # mandrioli,
	Month = {September},
	Publisher = sv,
	Series = lncs,
	Title = {Formal Methods 2003: the 12th. International {FME} Symposium},
	Volume = {2805},
	Year = {2003}}

@proceedings{relmics03,
	Address = {Malente, Germany},
	Booktitle = proc # {the 7th. Conference on Relational Methods in Computer Science ({RelMiCS}) - 2nd. International Workshop on Applications of Kleene Algebra},
	Editor = berghammer # { and } # moller,
	Month = {May},
	Title = {7th. Conference on Relational Methods in Computer Science ({RelMiCS}) - 2nd. International Workshop on Applications of Kleene Algebra},
	Year = {2003}}

@proceedings{relmics03-f,
	Address = {Malente, Germany},
	Booktitle = proc # {the 7th. Conference on Relational Methods in Computer Science ({RelMiCS}) - 2nd. International Workshop on Applications of Kleene Algebra},
	Editor = berghammer # { and } # moller,
	Month = {May},
	Publisher = sv,
	Series = lncs,
	Title = {7th. Conference on Relational Methods in Computer Science ({RelMiCS}) - 2nd. International Workshop on Applications of Kleene Algebra},
	Volume = {3051},
	Year = {2004}}

@proceedings{relmics01,
	Address = {Oisterwijk, The Netherlands},
	Booktitle = proc # {the 6th. Conference on Relational Methods in Computer Science ({RelMiCS}) - {TARSKI}},
	Editor = deswart,
	Month = {October},
	Title = {6th. Conference on Relational Methods in Computer Science ({RelMiCS}) - {TARSKI}},
	Year = {2001}}

@proceedings{relmics01-f,
	Address = {Oisterwijk, The Netherlands},
	Booktitle = proc # {the 6th. Conference on Relational Methods in Computer Science ({RelMiCS}) - {TARSKI}},
	Editor = deswart,
	Month = {October},
	Optnote = {ISBN: 3-540-00315-0},
	Publisher = sv,
	Series = lncs,
	Title = {6th. Conference on Relational Methods in Computer Science ({RelMiCS}) - {TARSKI}},
	Volume = {2561},
	Year = {2002}}

@proceedings{ifiptc291,
	Booktitle = proc # {{IFIP TC2} working conference on constructing programs from specifications},
	Organization = ifip-tc2,
	Publisher = nh,
	Title = {{IFIP TC2} working conference on constructing programs from specifications},
	Year = {1991}}

@proceedings{psi96,
	Address = {Novosibirsk, Academgorodok, Russia},
	Booktitle = proc # {the 2nd. International Conference on Perspectives of System Informatics},
	Editor = bjorner # { and } # broy # { and } # pottosin,
	Month = {June},
	Publisher = sv,
	Series = lncs,
	Title = {Perspectives of System Informatics},
	Volume = {1181},
	Year = {1996}}

@proceedings{tacas01,
	Address = {Genova, Italy},
	Booktitle = proc # {the 7th International Conference on Tools and Algorithms for the Construction and Analysis of Systems {(TACAS)}},
	Editor = margaria # { and } # yi,
	Month = {April},
	Publisher = sv,
	Series = lncs,
	Title = {7th. International Conference on Tools and Algorithms for the Construction and Analysis of Systems ({TACAS})},
	Volume = {2031},
	Year = {2001}}

@proceedings{tpcd94,
	Address = {Bad Herrenalb, Germany},
	Booktitle = proc # {Theorem Provers in Circuit Design ({TPCD}) '94)},
	Editor = kumar # { and } # kropf,
	Optmonth = {September},
	Publisher = sv,
	Series = lncs,
	Title = {Theorem Provers in Circuit Design ({TPCD})},
	Volume = {901},
	Year = {1994}}

@proceedings{lcf79,
	Booktitle = proc # {Edinburgh {LCF}: A Mechanized Logic of Computation},
	Editor = gordon # { and } # Milner # { and } # wadsworth,
	Publisher = sv,
	Series = lncs,
	Title = {Edinburgh {LCF}: A Mechanized Logic of Computation},
	Volume = {78},
	Year = {1979}}

@proceedings{cav95,
	Address = {Liege, Belgium},
	Booktitle = proc # {the 8th. Computer Aided Verification ({CAV})},
	Editor = wolper,
	Month = {June},
	Publisher = sv,
	Series = lncs,
	Title = {Computer Aided Verification ({CAV})},
	Volume = {939},
	Year = {1995}}

@proceedings{cav96,
	Address = {New Brunswick, {NJ}},
	Booktitle = proc # {the 9th. Computer Aided Verification ({CAV})},
	Editor = alur # { and } # henzinger,
	Month = {July/August},
	Publisher = sv,
	Series = lncs,
	Title = {Computer Aided Verification ({CAV})},
	Volume = {1102},
	Year = {1996}}

@proceedings{cav99,
	Address = {Trento, Italy},
	Booktitle = proc # {the 12th. Computer Aided Verification ({CAV})},
	Editor = halbwachs # { and } # peled,
	Month = {July},
	Publisher = sv,
	Series = lncs,
	Title = {Computer Aided Verification ({CAV})},
	Volume = {1633},
	Year = {1999}}

@proceedings{lics01,
	Address = {Boston, MA, USA},
	Booktitle = proc # {the Symposium on Logic in Computer Science '01},
	Editor = halpern,
	Month = {June},
	Optnote = {IEEE Catalog Number PR01281; ISBN 0-7695-1281-X},
	Optorganization = ieeecs,
	Publisher = ieeecs,
	Title = {Symposium on Logic in Computer Science ({LICS})},
	Year = {2001}}

@proceedings{lics86,
	Address = {Cambridge, MA, USA},
	Booktitle = proc # {the Symposium on Logic in Computer Science '86},
	Editor = meyer,
	Month = {June},
	Optnote = {IEEE Catalog Number 86CH2321-8; ISBN 0-8186-0720-3},
	Optorganization = ieeecs,
	Publisher = ieeecs,
	Title = {Symposium on Logic in Computer Science ({LICS})},
	Year = {1986}}

@proceedings{lopstr01,
	Address = {Paphos, Cyprus},
	Booktitle = proc # {the 11th. International Workshop on Logic-based Program Synthesis and Transformation ({LOPSTR})},
	Editor = pettorossi,
	Month = {November},
	Publisher = sv,
	Series = lncs,
	Title = {International Workshop on Logic-based Program Synthesis and Transformation ({LOPSTR})},
	Volume = {2372},
	Year = {2002}}

@proceedings{cade92,
	Address = {Saratoga, NY},
	Booktitle = proc # {the 11th. International Conference on Automated Deduction ({CADE})},
	Editor = kapur,
	Month = {June},
	Publisher = sv,
	Series = lnai,
	Title = {International Conference on Automated Deduction ({CADE})},
	Volume = {607},
	Year = {1992}}

@proceedings{tphols01,
	Address = {Edinburgh, Scotland},
	Booktitle = proc # {the 14th. International Conference on Theorem Proving in Higher Order Logics ({TPHOLs})},
	Editor = boulton # { and } # jackson_pb,
	Month = {September},
	Publisher = sv,
	Series = lncs,
	Title = {Theorem Proving in Higher Order Logics ({TPHOLs})},
	Volume = {2152},
	Year = {2001}}

@proceedings{fmtrends98,
	Address = {Boppard, Germany},
	Booktitle = proc # {Applied Formal Methods -- ({FM-Trends}) '98},
	Editor = hutter # { and } # stephan # { and } # traverso # { and } # ullman,
	Month = {October},
	Publisher = sv,
	Series = lncs,
	Title = {Applied Formal Methods -- ({FM-Trends})},
	Volume = {1641},
	Year = {1998}}

@proceedings{wift95,
	Address = {Boca Raton, FL},
	Booktitle = proc # {the Workshop on Industrial-Strength Formal Specification Techniques ({WIFT}) '95},
	Month = {April},
	Organization = ieeecs,
	Title = {Workshop on Industrial-Strength Formal Specification Techniques ({WIFT})},
	Year = {1995}}

@proceedings{rta02,
	Address = {Copenhagen, Denmark},
	Booktitle = proc # {the International Conference on Rewriting Techniques and Applications {(RTA)} '02},
	Editor = tison,
	Month = {July},
	Publisher = sv,
	Series = lncs,
	Title = {International Conference on Rewriting Techniques and Applications ({RTA})},
	Volume = {2378},
	Year = {2002}}

@proceedings{lics90,
	Address = {Philadelphia, PA},
	Booktitle = proc # {the Symposium on Logic in Computer Science '90},
	Month = {June},
	Organization = ieeecs,
	Title = {Symposium on Logic in Computer Science ({LICS})},
	Year = {1990}}

@proceedings{acm-sigplan-sigact80,
	Address = {Las Vegas, Nevada},
	Booktitle = proc # {the 7th {ACM} {SIGPLAN-SIGACT} Symposium on Principles of Programming Languages},
	Optnote = {ISBN: 0-89791-011-7},
	Organization = acmorg,
	Publisher = acm,
	Title = {{ACM} {SIGPLAN-SIGACT} Symposium on Principles of Programming Languages},
	Year = {1980}}

@proceedings{acm-sigplan-sigact81,
	Address = {Williamsburg, Virginia},
	Booktitle = proc # {the 8th. {ACM} {SIGPLAN-SIGACT} Symposium on Principles of Programming Languages},
	Optnote = {ISBN: 0-89791-029-X},
	Organization = acmorg,
	Publisher = acm,
	Title = {{ACM} {SIGPLAN-SIGACT} Symposium on Principles of Programming Languages},
	Year = {1981}}

@proceedings{calp80,
	Address = {Noordweijkerhout, The Netherland},
	Booktitle = proc # {the 7th. Colloquium on Automata, Languages and Programming},
	Editor = debakker # { and } # vanleeuwen,
	Month = {July},
	Publisher = sv,
	Series = lncs,
	Title = {Colloquium on Automata, Languages and Programming},
	Volume = {85},
	Year = {1980}}

@proceedings{entcs-65_6,
	Booktitle = proc # {the Workshop on Theory and Practice of Timed Systems ({TPTS-ETAPS}) '02},
	Editor = asarin # { and } # maler # { and } # yovine,
	Number = {6},
	Publisher = elsevier,
	Series = entcs,
	Title = {Workshop on Theory and Practice of Timed Systems ({TPTS-ETAPS})},
	Volume = {65},
	Year = {2003}}

@proceedings{icrs75,
	Address = {Los Angeles, California},
	Booktitle = proc # {the International Conference on Reliable Software},
	Editor = shooman # { and } # yeh,
	Publisher = acm,
	Title = {International Conference on Reliable Software},
	Year = {1975}}

@proceedings{iccad96,
	Address = {San Jose, CA, USA},
	Booktitle = proc # {the 1996 International Conference in Computer Aided Design {(ICCAD)}},
	Month = {November},
	Organization = ieeecs # { and } # acmorg,
	Title = {International Conference in Computer Aided Design {(ICCAD)}},
	Year = {1996}}

@proceedings{amast97,
	Address = {Macquarie University, Sydney, Australia},
	Booktitle = proc # {the 6th. International Conference on Algebraic Methodology and Software Technology -- {AMAST} 1997},
	Editor = johnson,
	Month = {December},
	Publisher = sv,
	Series = lncs,
	Title = {6th. International Conference on Algebraic Methodology and Software Technology -- {AMAST} 1997},
	Volume = {1349},
	Year = {1997}}

@proceedings{amast98,
	Address = {Amazonia, Brasil},
	Booktitle = proc # {the 7th. International Conference on Algebraic Methodology And Software Technology -- {AMAST} 1998},
	Editor = haeberer,
	Month = {January},
	Publisher = sv,
	Series = lncs,
	Title = {7th. International Conference Algebraic on Methodology And Software Technology -- {AMAST} 1998},
	Volume = {1548},
	Year = {1998}}

@proceedings{cmwlp84,
	Booktitle = proc # {the Carnegie Mellon Workshop on Logic of Programs},
	Editor = clarke # { and } # kozen,
	Optnote = {3-540-12896-4},
	Publisher = sv,
	Series = lncs,
	Title = {Carnegie Mellon Workshop on Logic of Programs},
	Volume = {184},
	Year = {1984}}

@proceedings{date02,
	Address = {Paris, France},
	Booktitle = proc # {the conference on Design, automation and test in Europe},
	Editor = kloos # { and } # dafranca,
	Month = {March},
	Optnote = {ISSN: 1530-1591},
	Publisher = ieeecs,
	Title = {Conference on Design, automation and test in Europe},
	Year = {2002}}

@proceedings{da01,
	Address = {Las Vegas, Nevada, United States},
	Booktitle = proc # {the 38th. conference on Design automation},
	Editor = rabaey,
	Optnote = {ISBN: 1-58113-297-2},
	Publisher = acm,
	Title = {38th conference on Design automation},
	Year = {2001}}

@proceedings{ieese86,
	Booktitle = proc # {{IEE} Software Engineering},
	Editor = barnes # { and } # brown,
	Publisher = pp,
	Series = ieecs # { 6},
	Title = {{IEE} Software Engineering},
	Volume = 86,
	Year = {1986}}

@proceedings{acmtc77,
	Address = {Boulder, Colorado, United States},
	Booktitle = proc # {the 9th. annual {ACM} symposium on theory of computing},
	Editor = hopcroft # { and } # friedman # { and } # harrison,
	Publisher = acm,
	Title = {{ACM} symposium on theory of computing},
	Year = {1977}}

@proceedings{icfem04,
	Address = {Seattle, Washington, United States},
	Booktitle = proc # {the 6th. International conference on formal engineering methods ({ICFEM})},
	Editor = davies # { and } # schulte # { and } # barnett,
	Publisher = sv,
	Series = lncs,
	Title = {International conference on formal engineering methods ({ICFEM})},
	Volume = {3308},
	Year = {2004}}

@proceedings{icfem08,
	Address = {Seattle, Washington, United States},
	Booktitle = proc # {the 10th. International conference on formal engineering methods ({ICFEM})},
	Editor = araki # { and } # liu # { and } # maibaum,
	Publisher = sv,
	Series = lncs,
	Title = {10th. International conference on formal engineering methods ({ICFEM})},
	Year = {2008}}

@proceedings{relmics05,
	Address = {St. Catharines, Ontario, Canada},
	Booktitle = proc # {the 8th. Conference on Relational Methods in Computer Science ({RelMiCS}) - 3nd. International Workshop on Applications of Kleene Algebra},
	Editor = duntsch # { and } # winter,
	Month = {February},
	Title = {8th. Conference on Relational Methods in Computer Science ({RelMiCS}) - 3nd. International Workshop on Applications of Kleene Algebra},
	Year = {2005}}

@proceedings{relmics06-f,
	Booktitle = proc # {the 9th. Conference on Relational Methods in Computer Science ({RelMiCS}) - 4nd. International Workshop on Applications of Kleene Algebra},
	Editor = {schmidt+},
	Month = {August},
	Publisher = sv,
	Series = lncs,
	Title = {9th. Conference on Relational Methods in Computer Science ({RelMiCS}) - 4nd. International Workshop on Applications of Kleene Algebra},
	Volume = {4136},
	Year = {2006}}

@proceedings{cc00,
	Booktitle = proc # {the 9th. International Conference on Compiler Construction},
	Editor = watt,
	Month = {March},
	Publisher = sv,
	Series = lncs,
	Title = {9th International Conference on Compiler Construction},
	Volume = {1781},
	Year = {2000}}

@proceedings{comblog04,
	Address = {Lisbon, Portugal},
	Booktitle = proc # {{CombLog}'04 - Workshop on combination of logics: Theory and applications},
	Editor = carnielli # { and } # dionisio # { and } # mateus,
	Month = {July},
	Title = {{CombLog}'04 - Workshop on combination of logics: Theory and applications},
	Year = {2004}}

@proceedings{tphols98,
	Address = {Camberra, Australia},
	Booktitle = proc # {the 11th. International Conference on Theorem Proving in Higher Order Logics ({TPHOLs})},
	Editor = grundy # { and } # newey,
	Month = {September},
	Publisher = sv,
	Series = lncs,
	Title = {Theorem Proving in Higher Order Logics ({TPHOLs})},
	Volume = {1479},
	Year = {1998}}

@proceedings{cav01,
	Address = {Paris, France},
	Booktitle = proc # {the 13th. Computer Aided Verification ({CAV})},
	Editor = berry # { and } # comon # { and } # finkel,
	Month = {July},
	Publisher = sv,
	Series = lncs,
	Title = {Computer Aided Verification ({CAV})},
	Volume = {2102},
	Year = {2001}}

@proceedings{acm-sigplan-sigact96,
	Address = {St. Petersburg Beach, Florida, United States},
	Booktitle = proc # {the 23rd. {ACM SIGPLAN-SIGACT} symposium on Principles of programming languages},
	Optnote = {ISBN: 0-89791-769-3},
	Organization = acmorg,
	Publisher = acm,
	Title = {{ACM} {SIGPLAN-SIGACT} Symposium on Principles of Programming Languages},
	Year = {1996}}

@proceedings{icse97,
	Address = {Boston, Massachusetts, USA},
	Booktitle = proc # {the 19th. International Conference on Software Engineering},
	Editor = adrion,
	Month = {May},
	Optnote = {ISBN 0-89791-914-9},
	Organization = acmorg # { and } # ieeecs,
	Publisher = acm,
	Title = {International Conference on Software Engineering},
	Year = {1997}}

@proceedings{acm-sigsoft96,
	Booktitle = proc # {the 1st. {ACM} {SIGSOFT} Workshop on Formal Methods in Software Practice},
	Editor = ardis,
	Month = {January},
	Optaddress = {San Diego, California, USA},
	Organization = acmorg,
	Publisher = acm,
	Title = {{ACM} {SIGSOFT} Workshop on Formal Methods in Software Practice},
	Year = {1996}}

@proceedings{ifiptc206,
	Address = {Warsaw, Poland},
	Booktitle = proc # {the {IFIP TC-2} working conference on software engineering techniques},
	Month = {October},
	Organization = ifip-tc2,
	Publisher = sv,
	Title = {{IFIP TC2} working conference on software engineering techniques},
	Year = {2006}}

@proceedings{icse05,
	Address = {St. Louis, Missouri, USA},
	Booktitle = proc # {the 27th. International Conference on Software Engineering},
	Editor = roman-gc,
	Month = {May},
	Optnote = {ISBN 1-59593-963-2},
	Organization = acmorg # { and } # ieeecs,
	Publisher = acm,
	Title = {International Conference on Software Engineering},
	Year = {2005}}

@proceedings{tacas05,
	Address = {Edinburgh, UK},
	Booktitle = proc # {the 11th. International Conference on Tools and Algorithms for the Construction and Analysis of Systems ({TACAS} 2005)},
	Editor = halbwachs # { and } # zuck,
	Month = {April},
	Optnote = {ISBN: 3-540-25333-5},
	Publisher = sv,
	Series = lncs,
	Title = {11th. International Conference on Tools and Algorithms for the Construction and Analysis of Systems ({TACAS} 2005)},
	Volume = {3440},
	Year = {2005}}

@proceedings{fmoods99,
	Address = {Deventer, The Netherlands, The Netherlands},
	Booktitle = proc # {the 3rd. International Conference on Formal Methods for Open Object-Based Distributed Systems (FMOODS)},
	Editor = ciancarini # { and } # fantechi # { and } # gorrieri,
	Optnote = {ISBN: 0-7923-8429-6},
	Organization = {{IFIP} {TC6/WG6.1}},
	Publisher = kap,
	Title = {{IFIP} {TC6/WG6.1} 3rd. International Conference on Formal Methods for Open Object-Based Distributed Systems (FMOODS)},
	Volume = {139},
	Year = {1999}}

@proceedings{fse00,
	Address = {San Diego, CA, USA},
	Booktitle = proc # {the 8th. {ACM SIGSOFT} international symposium on Foundations of software engineering: twenty-first century applications},
	Editor = rosenblum,
	Optnote = {ISBN: 1-58113-205-0},
	Publisher = acm,
	Title = {8th. {ACM SIGSOFT} international symposium on foundations of software engineering: twenty-first century applications},
	Year = {2000}}

@proceedings{icse00,
	Address = {Limerick, Ireland},
	Booktitle = proc # {the 22nd. International conference on software engineering},
	Editor = ghezzi # { and } # jazayeri # { and } # wolf,
	Month = {June},
	Optnote = {ISBN: 1-58113-206-9},
	Organization = acmorg # { and } # ieeecs,
	Publisher = acm,
	Title = {22nd. International conference on software engineering},
	Year = {2000}}

@proceedings{cav92,
	Address = {Montreal, Canada},
	Booktitle = proc # {the 5th. Computer Aided Verification ({CAV})},
	Editor = vonbochmann # { and } # probst,
	Month = {June},
	Publisher = sv,
	Series = lncs,
	Title = {Computer Aided Verification ({CAV})},
	Volume = {663},
	Year = {1993}}

@proceedings{amast96,
	Address = {Munich, Germany},
	Booktitle = proc # {the 5th. International Conference Algebraic on Methodology and Software Technology -- {AMAST} 1996},
	Editor = wirsing # { and } # nivat,
	Month = {July},
	Publisher = sv,
	Series = lncs,
	Title = {5th. International Conference on Algebraic Methodology and Software Technology -- {AMAST} 1996},
	Volume = {1101},
	Year = {1996}}

@proceedings{cade97,
	Address = {Townsville, North Queensland, Australia},
	Booktitle = proc # {the 14th. International Conference on Automated Deduction ({CADE})},
	Editor = mccune,
	Month = {July},
	Publisher = sv,
	Series = lncs,
	Title = {International Conference on Automated Deduction ({CADE})},
	Volume = {1249},
	Year = {1997}}

@proceedings{cav02,
	Address = {Copenhagen, Denmark},
	Booktitle = proc # {the 14th. Computer Aided Verification ({CAV})},
	Editor = brinksma # { and } # larsen,
	Month = {July},
	Publisher = sv,
	Series = lncs,
	Title = {Computer Aided Verification ({CAV})},
	Volume = {2404},
	Year = {2002}}

@proceedings{ijcai97,
	Address = {Nagoya, Japan},
	Booktitle = proc # {the 15th. International Joint Conference on Artificial Intelligence ({IJCAI})},
	Editor = kaufmann,
	Month = {August},
	Title = {International Joint Conference on Artificial Intelligence ({IJCAI})},
	Year = {1997}}

@proceedings{aaai98,
	Address = {Madison, Wisconsin, USA},
	Booktitle = proc # {the 15th. national/10th. Conference on Artificial Intelligence/Innovative Applications of Artificial Antelligence ({AAAI/IAAI})},
	Editor = mostow # { and } # rich # { and } # buchanan,
	Publisher = aaai,
	Title = {Conference on Artificial Intelligence/Innovative Applications of Artificial Antelligence ({AAAI/IAAI})},
	Year = {1998}}

@proceedings{epia99,
	Address = {Evora, Portugal},
	Booktitle = proc # {the 9th. Portuguese Conference on Artificial Intelligence, ({EPIA})},
	Editor = barahona # { and } # alferes,
	Month = {September},
	Publisher = sv,
	Series = lncs,
	Title = {Portuguese Conference on Artificial Intelligence, ({EPIA})},
	Volume = {1695},
	Year = {1999}}

@proceedings{iccad01,
	Address = {San Jose, CA, USA},
	Booktitle = proc # {the International Conference on Computer Aided Design ({ICCAD})},
	Editor = ernst,
	Month = {November},
	Organization = acmorg # { and } # ieeecs,
	Publisher = acm,
	Title = {International Conference on Computer Aided Design ({ICCAD})},
	Year = {2001}}

@proceedings{tacas96,
	Address = {Passau, Germany},
	Booktitle = proc # {the 2nd. Workshop Tools and Algorithms for Construction and Analysis of Systems ({TACAS})},
	Editor = margaria # { and } # steffen,
	Month = {March},
	Publisher = sv,
	Series = lncs,
	Title = {Tools and Algorithms for Construction and Analysis of Systems ({TACAS})},
	Volume = {1055},
	Year = {1996}}

@proceedings{sat04,
	Address = {Vancouver, BC, Canada},
	Booktitle = proc # {the 7th. International Conference on Theory and Applications of Satisfiability Testing ({SAT})},
	Editor = hoss # { and } # mitchell,
	Month = {May},
	Title = {International Conference on Theory and Applications of Satisfiability Testing ({SAT})},
	Year = {2004}}

@proceedings{iccad02,
	Address = {San Jose, CA, USA},
	Booktitle = proc # {the International Conference on Computer Aided Design ({ICCAD})},
	Editor = pileggi # { and } # kuehlmann,
	Month = {November},
	Organization = acmorg # { and } # ieeecs,
	Publisher = acm,
	Title = {International Conference on Computer Aided Design ({ICCAD})},
	Year = {2002}}

@proceedings{date03,
	Address = {Munich, Germany},
	Booktitle = {Design, Automation and Test in Europe ({DATE})},
	Editor = dafranca,
	Month = {March},
	Publisher = ieeecs,
	Title = {Design, Automation and Test in Europe ({DATE})},
	Year = {2003}}

@proceedings{cp02,
	Address = {Ithaca, NY, USA},
	Booktitle = proc # {the 8th. International Conference on Principles and Practice of Constraint Programming ({CP})},
	Editor = vanhentenryck,
	Month = {September},
	Publisher = sv,
	Series = lncs,
	Title = {International Conference on Principles and Practice of Constraint Programming ({CP})},
	Volume = {2470},
	Year = {2002}}

@proceedings{fmpta93,
	Address = {Academgorodok, Novosibirsk, Russia},
	Booktitle = {International Conference on Formal Methods in Programming and Their Applications},
	Editor = bjorner # { and } # broy # { and } # pottosin,
	Month = {June},
	Publisher = sv,
	Series = lncs,
	Title = {International Conference on Formal Methods in Programming and Their Applications},
	Volume = {735},
	Year = {1993}}

@proceedings{sadt-rtdts95,
	Booktitle = {Selected papers from the 11th Workshop on Specification of Abstract Data Types Joint with the 8th COMPASS Workshop on Recent Trends in Data Type Specification},
	Editor = haveraaen # { and } # owe # { and } # dahl,
	Publisher = sv,
	Series = lncs,
	Title = {Selected papers from the 11th Workshop on Specification of Abstract Data Types, joint with the 8th COMPASS Workshop on Recent Trends in Data Type Specification},
	Volume = {1130},
	Year = {1996}}

@proceedings{entcs-15,
	Booktitle = proc # {the 2nd. International Workshop on Rewriting Logic and its Applications {(WRLA'98)}},
	Editor = kirchner-c # { and } # kirchner-h,
	Publisher = elsevier,
	Series = entcs,
	Title = {Second International Workshop on Rewriting Logic and its Applications {(WRLA'98)}},
	Volume = {15},
	Year = {1998}}

@proceedings{entcs-4,
	Booktitle = proc # {the 1st. International Workshop on Rewriting Logic and its Applications {(WRLA'96)}},
	Editor = meseguer,
	Publisher = elsevier,
	Series = entcs,
	Title = {First International Workshop on Rewriting Logic and its Applications {(WRLA'96)}},
	Volume = {4},
	Year = {1996}}

@proceedings{fm99,
	Address = {Toulouse, France},
	Booktitle = proc # {Formal Methods 99, Wold Congress on Formal Methods in the Development of Computing Systems -- Volume {II} {(FM'99)}},
	Editor = wing # { and } # woodcock # { and } # davies,
	Month = {September},
	Publisher = sv,
	Series = lncs,
	Title = {Formal Methods 99, Wold Congress on Formal Methods in the Development of Computing Systems -- Volume {II} {(FM'99)}},
	Volume = {1709},
	Year = {1999}}

@proceedings{wcc92,
	Address = {San Miniato, Italy},
	Booktitle = proc # {the 2nd. Workshop on Concurrency and compositionality {(WCC'92)}},
	Editor = denicola # { and } # montanari,
	Month = {March},
	Title = {Second Workshop on Concurrency and compositionality {(WCC'92)}},
	Year = {1992}}

@proceedings{wcul05,
	Address = {Montreaux, Switzerland},
	Booktitle = proc # {the 1st. World Conference on Universal Logic},
	Editor = beziau # { and } # costaleite,
	Month = {March--April},
	Title = {First World Conference on Universal Logic},
	Year = {2005}}

@proceedings{ase05,
	Address = {Long Beach, California, USA},
	Booktitle = proc # {the 20th. {IEEE/ACM} International Conference on Automated Software Engineering},
	Editor = redmiles # { and } # ellman # { and } # zisman,
	Month = {November},
	Organization = acmorg # { and } # ieeecs,
	Publisher = acm,
	Title = {20th. {IEEE/ACM} International Conference on Automated Software Engineering},
	Year = {2005}}

@proceedings{lc87,
	Address = {Granada, Spain},
	Booktitle = proc # {the Logic Colloquium '87},
	Editor = ebbinghaus # { and } # fernandezprida # { and } # garrido # { and } # lascar # { and } # rodriguezartalejo,
	Publisher = nh,
	Title = {Logic Colloquium '87},
	Volume = {129},
	Year = {1989}}

@proceedings{ssbimc78,
	Address = {Warsaw, Poland},
	Booktitle = proc # {Seminar held at the Stefan Banach International Mathematical Center 1978},
	Editor = traczyck,
	Note = {Also in \cite{segerberg:nams-24_6}},
	Publisher = bcp,
	Series = {Universal Algebra and Applications},
	Title = {Seminar held at the Stefan Banach International Mathematical Center 1978},
	Volume = {9},
	Year = {1982}}

@proceedings{entcs-29,
	Booktitle = proc # {Conference on Category Theory and Computer Science ({CTCS 99})},
	Editor = hofmann # { and } # rosolini # { and } # pavlovic,
	Publisher = elsevier,
	Series = entcs,
	Title = {Conference on Category Theory and Computer Science ({CTCS 99})},
	Volume = {29},
	Year = {1999}}

@proceedings{rtdts87,
	Address = {Gullane, Scotland},
	Booktitle = {Selected papers from the 5th Workshop on Specification of Abstract Data Types},
	Editor = tarlecki # { and } # sannella,
	Month = {September},
	Publisher = sv,
	Series = lncs,
	Title = {Selected papers from the 5th Workshop on Specification of Abstract Data Types},
	Year = {1987}}

@proceedings{les-eef-ses98,
	Address = {Veldhoven, The Netherlands},
	Booktitle = {Lectures on Embedded Systems, European Educational Forum, School on Embedded Systems},
	Editor = rozenberg # { and } # vaandrager,
	Month = {November, 25--29},
	Publisher = sv,
	Series = lncs,
	Title = {Lectures on Embedded Systems, European Educational Forum, School on Embedded Systems},
	Volume = {1494},
	Year = {1996}}

@proceedings{amast06,
	Address = {Kuressaare, Estonia},
	Booktitle = proc # {the 11th. International Conference on Algebraic Methodology and Software Technology, {AMAST} 2006},
	Editor = johnson # { and } # vene,
	Month = {July, 5--8},
	Publisher = sv,
	Series = lncs,
	Title = {11th. International Conference on Algebraic Methodology and Software Technology, {AMAST} 2006},
	Volume = {4019},
	Year = {2006}}

@proceedings{knaw55,
	Booktitle = proc # {the Koninklijkle Nederlandsle Akademie van Wetenschappen},
	Number = {58},
	Series = {Series A},
	Title = {Koninklijkle Nederlandsle Akademie van Wetenschappen},
	Year = {1955}}

@proceedings{ase04,
	Address = {Los Alamitos, CA, USA},
	Booktitle = proc # {the 19th. {IEEE/ACM} International Conference on Automated Software Engineering},
	Editor = grunbacher # { and } # weils # { and } # stirewalt,
	Month = {September},
	Organization = ieeecs,
	Publisher = ieeecs,
	Title = {19th. {IEEE/ACM} International Conference on Automated Software Engineering},
	Year = {2004}}

@proceedings{tacas07-press,
	Address = {Braga, Portugal},
	Booktitle = proc # {the 13th. International Conference on Tools and Algorithms for the Construction and Analysis of Systems ({TACAS} 2007)},
	Editor = grumberg # { and } # huth,
	Month = {April},
	Optnote = {ISBN: 3-540-25333-5},
	Publisher = sv,
	Series = lncs,
	Title = {13th. International Conference on Tools and Algorithms for the Construction and Analysis of Systems ({TACAS} 2007)},
	Volume = {TBD},
	Year = {2007}}

@proceedings{tacas07,
	Address = {Braga, Portugal},
	Booktitle = proc # {the 13th. International Conference on Tools and Algorithms for the Construction and Analysis of Systems ({TACAS} 2007)},
	Editor = grumberg # { and } # huth,
	Month = {April},
	Optnote = {ISBN: 3-540-25333-5},
	Publisher = sv,
	Series = lncs,
	Title = {13th. International Conference on Tools and Algorithms for the Construction and Analysis of Systems ({TACAS} 2007)},
	Volume = {4424},
	Year = {2007}}

@proceedings{icse78,
	Address = {Atlanta, Georgia, USA},
	Booktitle = proc # {the 3rd. International Conference on Software Engineering},
	Editor = wilkes # { and } # belady # { and } # su # { and } # hayman # { and } # enslow,
	Month = {May},
	Publisher = ieeecs,
	Title = {International Conference on Software Engineering},
	Year = {1978}}

@proceedings{entcs-165,
	Booktitle = proc # {the 13th. Workshop on Logic, Languages, Information and Computation ({WoLLIC}) '06},
	Editor = angelides # { and } # oliveira # { and } # depaiva # { and } # pauly # { and } # queiroz,
	Publisher = elsevier,
	Series = entcs,
	Title = {13th. Workshop on Logic, Language, Information and Computation ({WOLLIC})},
	Volume = {165},
	Year = {2006}}

@proceedings{entcs-67,
	Booktitle = proc # {the 9th. Workshop on Logic, Languages, Information and Computation ({WoLLIC}) '06},
	Editor = queiroz # { and } # pereira # { and } # haeusler,
	Publisher = elsevier,
	Series = entcs,
	Title = {9th. Workshop on Logic, Language, Information and Computation ({WOLLIC})},
	Volume = {67},
	Year = {2002}}

@proceedings{fmta95,
	Address = {Konstancin, Poland},
	Booktitle = proc # {Formal specifications: foundations, methods, tools and applications ({FMTA '95})},
	Editor = sintzoff # { and } # madey # { and } # tarlecki # { and } # turski,
	Month = {May},
	Title = {Formal specifications: foundations, methods, tools and applications ({FMTA '95})},
	Year = {1995}}

@proceedings{fse95,
	Address = {Washington DC, USA},
	Booktitle = proc # {the 3rd. {ACM SIGSOFT} international symposium on Foundations of software engineering: twenty-first century applications},
	Editor = kaiser,
	Optnote = {ISBN: 0-89791-716-2},
	Publisher = acm,
	Title = {3rd. {ACM SIGSOFT} international symposium on foundations of software engineering: twenty-first century applications},
	Year = {1995}}

@proceedings{calp92,
	Address = {Vienna, Austria},
	Booktitle = proc # {the 19th. Colloquium on Automata, Languages and Programming},
	Editor = kuich,
	Month = {July},
	Publisher = sv,
	Series = lncs,
	Title = {Colloquium on Automata, Languages and Programming},
	Volume = {623},
	Year = {1992}}

@proceedings{fm05,
	Address = {Newcastle, UK},
	Booktitle = proc # {Formal Methods 2005: the 13th. International {FME} Symposium},
	Editor = fitzgerald # { and } # hayes # { and } # tarlecki,
	Month = {July},
	Publisher = sv,
	Series = lncs,
	Title = {Formal Methods 2005: the 13th. International {FME} Symposium},
	Volume = {3582},
	Year = {2005}}

@proceedings{vdm-ml,
	Booktitle = {The Vienna Development Method: the meta-language},
	Editor = bjorner # { and } # jones,
	Publisher = sv,
	Series = lncs,
	Title = {The Vienna Development Method: the meta-language},
	Volume = {61},
	Year = {1978}}

@proceedings{iclmps62,
	Address = {Stanford, CA, USA},
	Booktitle = proc # {the International Congress on Logic, Method, and Philosophy of Science},
	Organization = {Stanford University},
	Publisher = {Stanford University Press},
	Title = {International Congress on Logic, Method, and Philosophy of Science},
	Year = {1962}}

@proceedings{wadt97,
	Address = {Tarquinia, Italy},
	Booktitle = proc # {the 12th. International Workshop on Recent Trends in Algebraic Development Techniques {WADT} 1997},
	Editor = parisi-presicce,
	Month = {June},
	Publisher = sv,
	Series = lncs,
	Title = {12th. International Workshop on Recent Trends in Algebraic Development Techniques {(WADT'97)}},
	Volume = {1376},
	Year = {1997}}

@proceedings{wadt98,
	Address = {Lisbon, Portugal},
	Booktitle = proc # {the 13th. International Workshop on Recent Trends in Algebraic Development Techniques {WADT} 1998},
	Editor = fiadeiro,
	Month = {April},
	Publisher = sv,
	Series = lncs,
	Title = {13th. International Workshop on Recent Trends in Algebraic Development Techniques {WADT} 1998},
	Volume = {1589},
	Year = {1998}}

@proceedings{entcs-195,
	Address = {Natal, Rio grande do norte, Brazil},
	Booktitle = proc # {the Brazilian symposium on formal methods},
	Editor = moreira,
	Month = {September},
	Publisher = elsevier,
	Title = {Brazilian symposium on formal methods},
	Volume = {195},
	Year = {2007}}

@proceedings{ctcp86,
	Booktitle = proc # {the Category Theory and Computer Programming, tutorial and workshop},
	Editor = pitt # { and } # abramsky # { and } # poigne # { and } # rydeheard,
	Publisher = sv,
	Series = lncs,
	Title = {Category Theory and Computer Programming, tutorial and workshop},
	Volume = {240},
	Year = {1986}}

@proceedings{da90,
	Address = {Orlando, Florida, United States},
	Booktitle = proc # {the 27th. {ACM/IEEE} conference on design automation},
	Editor = smith,
	Publisher = acm,
	Title = {27th. {ACM/IEEE} conference on design automation},
	Year = {1990}}

@proceedings{mfcs80,
	Booktitle = proc # {the 9th. Symposium on Mathematical Foundations of Computer Science: A Software Engineering Viewpoint},
	Editor = dembinski,
	Publisher = sv,
	Series = lncs,
	Title = {9th. Symposium on Mathematical Foundations of Computer Science: A Software Engineering Viewpoint},
	Volume = {88},
	Year = {1980}}

@proceedings{krr96,
	Booktitle = proc # {the 5th. International Conference on Knowledge Representation and Reasoning},
	Editor = kovacs # { and } # vancza,
	Title = {5th. International Conference on Knowledge Representation and Reasoning},
	Year = {1996}}

@proceedings{ftrtft98,
	Address = {Lyngby, Denmark},
	Booktitle = proc # {5th. International Symposium on Formal Techniques in Real-Time and Fault-Tolerant Systems},
	Editor = ravn # { and } # rischel,
	Month = {September},
	Publisher = sv,
	Series = lncs,
	Title = {5th. International Symposium on Formal Techniques in Real-Time and Fault-Tolerant Systems},
	Volume = {1486},
	Year = {1998}}

@proceedings{cav98,
	Address = {Vancouver, BC, Canada},
	Booktitle = proc # {the 10th. International Conference Computer Aided Verification ({CAV})},
	Editor = hu # { and } # vardi,
	Month = {June},
	Publisher = sv,
	Series = lncs,
	Title = {10th. International Conference Computer Aided Verification ({CAV})},
	Volume = {1427},
	Year = {1998}}

@proceedings{le91,
	Address = {Edinburgh, Scotland},
	Booktitle = proc # {the 2nd. annual Workshop on Logical environments},
	Editor = huet # { and } # plotkin,
	Publisher = cambridge,
	Title = {2nd. annual Workshop on Logical environments},
	Year = {1993}}

@proceedings{cgm08,
	Address = {Edinburgh, Scotland},
	Booktitle = proc # {Concurrency, graphs and models (Essays dedicated to {Ugo Montanari} on the occasion of his 65th. birthday)},
	Editor = degano # { and } # denicola # { and } # meseguer,
	Number = {5065},
	Publisher = sv,
	Series = lncs,
	Title = {Concurrency, graphs and models (Essays dedicated to {Ugo Montanari} on the occasion of his 65th. birthday)},
	Year = {2008}}

@proceedings{tgc06,
	Address = {Lucca, Italy},
	Booktitle = proc # {the Second Symposium of Trustworthy Global Computing},
	Editor = montanari # { and } # sannella # { and } # bruni,
	Number = {4661},
	Publisher = sv,
	Series = lncs,
	Title = {Second Symposium of Trustworthy Global Computing},
	Year = {2006}}

@proceedings{wsfm06,
	Address = {Vienna, Austria},
	Booktitle = proc # {the Third International Workshop Web Services and Formal Methods},
	Editor = bravetti # { and } # nunez # { and } # zavattaro,
	Number = {4184},
	Publisher = sv,
	Series = lncs,
	Title = {Third International Workshop Web Services and Formal Methods},
	Year = {2006}}

@proceedings{fmoods97,
	Address = {Canterbury, United Kingdom},
	Booktitle = proc # {the 2nd. International Conference on Formal Methods for Open Object-Based Distributed Systems (FMOODS)},
	Editor = bowman # { and } # derrik,
	Optnote = {ISBN: 0-412-82040-4},
	Organization = {{IFIP} {TC6/WG6.1}},
	Publisher = ch,
	Title = {{IFIP} {TC6/WG6.1} 2nd. International Conference on Formal Methods for Open Object-Based Distributed Systems (FMOODS)},
	Year = {1997}}

@proceedings{amast00,
	Address = {Iowa city, Iowa, USA},
	Booktitle = proc # {the 8th. International Conference on Algebraic Methodology and Software Technology -- {AMAST} 2000},
	Editor = rus,
	Month = {May},
	Publisher = sv,
	Series = lncs,
	Title = {International Conference on Algebraic Methodology and Software Technology -- {AMAST} 2000},
	Volume = {1816},
	Year = {2000}}

@proceedings{nato-asimalles03,
	Address = {Marktoberdorf, Germany},
	Booktitle = proc # {the NATO Advanced Study Institute on Models, Algebras and Logic of Engineering Software},
	Editor = broy # { and } # pizka,
	Month = {August},
	Publisher = ios,
	Series = natoss,
	Title = {NATO Advanced Study Institute on Models, Algebras and Logic of Engineering Software},
	Year = {2003}}

@proceedings{nato-asilas93,
	Address = {Marktoberdorf, Germany},
	Booktitle = proc # {the NATO Advanced Study Institute on Logic and Algebra of Specifications},
	Editor = bauer # { and } # brauer # { and } # schwichtenberg,
	Month = {July--August},
	Publisher = ios,
	Series = natoss,
	Title = {NATO Advanced Study Institute on Logic and Algebra of Specifications},
	Year = {1991}}

@proceedings{fsscs02,
	Address = {London, UK},
	Booktitle = proc # {the 5th International Conference on Foundations of Software Science and Computation Structures},
	Editor = nielsen # { and } # engberg,
	Month = {},
	Publisher = sv,
	Series = lncs,
 	Title = {International Conference on Foundations of Software Science and Computation Structures},
	Year = {2002}} 

@proceedings{fm06,
	Address = {Hamilton, Canada},
	Booktitle = proc # {Formal Methods 2006: the 14th. International {FME} Symposium},
	Editor = misra # { and } # nipkow # { and } # sekerinski,
	Month = {August},
	Publisher = sv,
	Series = lncs,
	Title = {Formal Methods 2006: the 14th. International {FME} Symposium},
	Volume = {4085},
	Year = {2006}}

@proceedings{ictac10,
	Address = {Natal, Rio Grande do Norte, Brazil},
	Booktitle = proc # {Theoretical Aspects of Computing - ICTAC 2010, 7th International Colloquium},
	Editor = cavalcanti # { and } # deharbe # { and } # gaudel # { and } # woodcock,
	Month = {September},
	Publisher = sv,
	Series = lncs,
	Title = {Theoretical Aspects of Computing - ICTAC 2010, 7th International Colloquium},
	Volume = {6255},
	Year = {2010}}

@proceedings{tast03,
	Address = {Santa Margherita Ligure, Italy},
	Booktitle = proc # {6th. International Conference on Theory and Applications of Satisfiability Testing, SAT 2003},
	Editor = giunchiglia # { and } # tacchella,
	Month = {May},
	Publisher = sv,
	Series = lncs,
	Title = {6th. International Conference on Theory and Applications of Satisfiability Testing, SAT 2003},
	Volume = {2919},
	Year = {2003}}

@proceedings{fmco05,
	Address = {Amsterdam, The Netherlands},
	Booktitle = proc # {the 4th. International Symposia on Formal Methods for Components and Objects},
	Editor = deboer # { and } # bonsangue # { and } # graf # { and } # deroever,
	Month = {November},
	Publisher = sv,
	Series = lncs,
	Title = {International Symposia on Formal Methods for Components and Objects},
	Volume = {4111},
	Year = {2005}}

@proceedings{issta06,
	Address = {Portland, Maine, USA},
	Booktitle = proc # {the 2006 International Symposium on Software Testing and Analysis},
	Editor = pollock # { and } # pezze,
	Month = {July},
	Publisher = acm,
	Title = {International Symposium on Software Testing and Analysis},
	Year = {2006}}

@proceedings{vstte08,
	Address = {Toronto, Canada},
	Booktitle = proc # {the 2nd international conference on Verified Software: Theories, Tools, Experiments},
	Editor = shankar # { and } # woodcock,
	Month = {October},
	Publisher = sv,
	Series = lncs,
	Title = {International conference on Verified Software: Theories, Tools, Experiments},
	Volume = {5295},
	Year = {2008}}

@proceedings{fse09,
	Address = {Amsterdam, The Netherlands},
	Booktitle = proc # {the 7th joint meeting of the European software engineering conference and the ACM SIGSOFT symposium on The foundations of software engineering on European software engineering conference and foundations of software engineering symposium},
	Editor = dunkelman,
	Month = {August},
	Publisher = acm,
	Title = {Foundations of Software Engineering},
	Year = {2008}}

@proceedings{cassis05,
	Address = {Nice, France},
	Booktitle = proc # {the 2005 Construction and Analysis of Safe, Secure and Interoperable Smart devices International Workshop},
	Editor = barthe # { and } # gregoire # { and } # huisman # { and } # lanet,
	Month = {March},
	Publisher = sv,
	Series = lncs,
	Title = {Construction and Analysis of Safe, Secure and Interoperable Smart devices International Workshop},
	Volume = {3956},
	Year = {2005}}

@proceedings{issta02,
	Address = {Rome, Italy},
	Booktitle = proc # {the 2002 International Symposium on Software Testing and Analysis},
	Editor = bertolino,
	Month = {July},
	Publisher = acm,
	Title = {International Symposium on Software Testing and Analysis},
	Year = {2002}}

@proceedings{abz10,
	Address = {Orford, Canada},
	Booktitle = proc # {the 2nd International Conference on Abstract State Machines ({ASM}), Alloy, B and Z},
	Editor = frappier,
	Month = {February},
	Publisher = sv,
	Series = lncs,
	Title = {Abstract State Machines ({ASM}), Alloy, B and Z Conference},
	Volume = {5977},
	Year = {2010}}

@proceedings{apv09,
	Address = {R\'{\i}o Cuarto, C\'{o}rdoba, Argentina},
	Booktitle = proc # {the International Conference on Automatic Program Verification},
	Editor = meyer # { and } # calcagno # { and } # nordio,
	Month = {February},
	Title = {Automatic Program Verification},
	Year = {2009}}

@proceedings{issta10,
	Address = {Trento, Italy},
	Booktitle = proc # {the 2010 International Symposium on Software Testing and Analysis},
	Editor =  tonella # { and } # orso,
	Month = {July},
	Publisher = acm,
	Title = {International Symposium on Software Testing and Analysis},
	Year = {2010}}

@proceedings{icdcwtfm93,
	Address = {London, UK},
	Title = {First Imperial College Department of Computing Workshop on Theory and Formal Methods},
	Booktitle = proc # {the First Imperial College Department of Computing Workshop on Theory and Formal Methods},
	Year = {1993},
	Editor = burn # { and } # gay # { and } # ryan,
	Publisher = {Springer-Verlag}}

@mastersthesis{manthey:mathesis,
  author = 	 {Manthey, Norbert},
  title = 	 {Improving SAT Solvers Using State-of-the-Art Techniques},
  school = 	 {Institut für Künstliche Intelligenz, Fakultät Informatik, Technische Universität Dresden},
  year = 	 {2010},
  month = 	 {December},
  type = {Diploma Thesis}
}

@mastersthesis{lopezpombo:mathesis,
	Annote = {Jury: },
	Author = lopezpombo,
	Month = {March},
	Note = {Advisors: } # braberman # { and } # olivero,
	Optaddress = {Pabell\'{o}n I, Ciudad Universitaria, Ciudad Aut\'{o}noma de Buenos Aires, Argentina (1428)},
	School = {Departamento de Computaci\'{o}n, Facultad de Ciencias Exactas y Naturales, Universidad de Buenos Aires},
	Title = {Mejoras a un algoritmo de model checking simb\'{o}lico, basadas en la topolog\'{\i}a de los sistemas de tiempo real},
	Year = {2001}}

@mastersthesis{galeotti:mathesis,
	Annote = {Jury: },
	Author = galeotti # { and } # roman,
	Month = {October},
	Note = {Advisors: } # frias # { and } # lopezpombo,
	Optaddress = {Pabell\'{o}n I, Ciudad Universitaria, Ciudad Aut\'{o}noma de Buenos Aires, Argentina (1428)},
	School = {Departamento de Computaci\'{o}n, Facultad de Ciencias Exactas y Naturales, Universidad de Buenos Aires},
	Title = {Razonando entre la l\'{o}gica din\'{a}mica y la l\'{o}gica lineal temporal usando \'{a}lgebras de fork},
	Year = {2004}}

@mastersthesis{gamarra:mathesis,
	Annote = {Jury: },
	Author = gamarra # { and } # steren,
	Month = {April},
	Note = {Advisor: } # frias,
	Optaddress = {Pabell\'{o}n I, Ciudad Universitaria, Ciudad Aut\'{o}noma de Buenos Aires, Argentina (1428)},
	School = {Departamento de Computaci\'{o}n, Facultad de Ciencias Exactas y Naturales, Universidad de Buenos Aires},
	Title = {Implementaci\'{o}n de una herramienta de model-checking basada en \'{a}lgebra relacional},
	Year = {2005}}

@mastersthesis{bourg:mathesis,
	Annote = {Jury: },
	Author = bourg,
	Month = {September},
	Note = {Advisors: } # frias # { and } # lopezpombo,
	Optaddress = {Pabell\'{o}n I, Ciudad Universitaria, Ciudad Aut\'{o}noma de Buenos Aires, Argentina (1428)},
	School = {Departamento de Computaci\'{o}n, Facultad de Ciencias Exactas y Naturales, Universidad de Buenos Aires},
	Title = {Acelerando \emph{ReMo} a trav\'{e}s de la construcci\'{o}n de permutaciones usando aut\'{o}matas},
	Year = {2006}}

@phdthesis{arkoudas:phdthesis,
	Author = arkoudas,
	Optnote = {Advisor:},
	School = {Massachusetts Institute of Technology},
	Title = {Denotational proof languages},
	Year = {2000}}

@phdthesis{wing:phdthesis,
	Author = wing,
	Optnote = {Advisor:},
	School = {Massachusetts Institute of Technology},
	Title = {A two-tiered approach to specifying programs},
	Year = {1983}}

@phdthesis{thompson:phdthesis,
	Author = thompson,
	Note = {Advisor: } # tarski,
	School = {University of California, Berkeley},
	Title = {Some contributions to abstract algebra and metamathematics},
	Year = {1952}}

@phdthesis{areces:phdthesis,
	Author = areces,
	Note = {Promotor: } # vanbenthem # {. Co-promotor:} # derijke,
	School = {Institute for logic, language and computation, Universiteit van Amsterdam},
	Title = {Logic engineering: the case of description and hybrid logics},
	Year = {2000}}

@phdthesis{viana:phdthesis,
	Author = viana,
	School = {Programa de Engenharia de Sistemas e Computa\c{c}\~{a}o, COPPE, Departamento de Computa\c{c}\~{a}o, Instituto de Matem\'{a}tica, Universidade Federal do Rio de Janeiro},
	Title = {Non-logical extensions of the relational calculus},
	Year = {2005}}

@phdthesis{lopezpombo:phdthesis,
	Author = lopezpombo,
	Note = {Promotor: } # frias,
	Optaddress = {Pabell\'{o}n I, Ciudad Universitaria, Ciudad Aut\'{o}noma de Buenos Aires, Argentina (1428)},
	School = {Departamento de Computaci\'{o}n, Facultad de Ciencias Exactas y Naturales, Universidad de Buenos Aires},
	Title = {Fork algebras as a tool for reasoning across heterogeneous specifications},
	Year = {2007}}

@phdthesis{herbrand:phdthesis,
	Author = herbrand,
	School = {Universit\'{e} de Paris},
	Title = {Recherches sur la theorie de la demonstration},
	Year = {1930},
	Note = {English translation in \cite{herbrand:goldfarb71}}}

@techreport{abadi-src-rr-30,
	Address = {System Research Center, Palo Alto, CA 94301 USA},
	Author = abadi,
	Institution = {System Research Center, Digital},
	Number = {30},
	Month = {August},
	Title = {The power of temporal proofs},
	Type = {Technical Report},
	Year = {1988}}

@techreport{jackson:797,
	Address = mit # {, Cambridge, MA 02139 USA},
	Author = jackson,
	Institution = csail # {, } # mit,
	Month = {February},
	Number = {797},
	Title = {{Alloy}: A lightweight object modeling notation},
	Type = {Technical Report},
	Year = {2000}}

@techreport{lopezpombo:SRI-CSL-02-04,
	Author = lopezpombo # { and } # owre # { and } # shankar,
	Institution = csl,
	Month = {July},
	Number = {SRI-CSL-02-04},
	Optaddress = {333 Ravenswood ave., Menlo Park, CA 94025, USA},
	Title = {A semantic embedding of the $\mathbf{A_g}$ dynamic logic in {PVS}},
	Type = {Technical Report},
	Year = {2002}}

@techreport{owre:SRI-CSL-93-9R,
	Author = owre # { and } # shankar,
	Institution = csl,
	Month = {December},
	Note = {Subtantially revised in June 1997},
	Number = {SRI-CSL-93-9R},
	Optaddress = {333 Ravenswood ave., Menlo Park, CA 94025, USA},
	Title = {Abstract datatypes in {PVS}},
	Type = {Technical Report},
	Year = {1993}}

@techreport{owre:SRI-CSL-97-2,
	Author = owre # { and } # shankar,
	Institution = csl,
	Month = {August},
	Note = {Revised in March 1999},
	Number = {SRI-CSL-97-2},
	Optaddress = {333 Ravenswood ave., Menlo Park, CA 94025, USA},
	Title = {The formal semantics of {PVS}},
	Type = {Technical Report},
	Year = {1997}}

@techreport{skakkebaek:SRI-CSL-93-10,
	Author = skakkebaek # { and } # shankar,
	Institution = csl,
	Month = {December},
	Number = {SRI-CSL-93-10},
	Optaddress = {333 Ravenswood ave., Menlo Park, CA 94025, USA},
	Title = {A duration calculus proof checker: Using {PVS} as a semantic framework},
	Type = {Technical Report},
	Year = {1993}}

@techreport{rushby:SRI-CSL-95-3,
	Author = cyrluk # { and } # lincoln # { and } # miller # { and } # naredran # { and } # owre # { and } # rajan # { and } # rushby # { and } # shankar # { and } # ulrik # { and } # skakkebaek # { and } # srivas # { and } # vonhenke,
	Institution = csl,
	Month = {January},
	Number = {SRI-CSL-95-3},
	Optaddress = {333 Ravenswood ave., Menlo Park, CA 94025, USA},
	Title = {Seven papers on mechanized formal verification},
	Year = {1995}}

@techreport{veloso:ES-418-96,
	Author = veloso,
	Institution = {Programa de Engenharia de Sistemas e Computa\c{c}\~{a}o, COPPE, Departamento de Computa\c{c}\~{a}o, Instituto de Matem\'{a}tica, Universidade Federal do Rio de Janeiro},
	Month = {December},
	Number = {ES-418-96},
	Optaddress = {COPPE, Bloco H, Cidade Universitaria, Ilha do Fund\~{a}o, Rio de Janeiro, Brasil},
	Title = {On finite and infinite fork algebras and their relational reducts: classification and examples},
	Type = {Technical Report},
	Year = {1996}}

@techreport{veloso:ES--97,
	Author = veloso,
	Institution = {Programa de Engenharia de Sistemas e Computa\c{c}\~{a}o, COPPE, Departamento de Computa\c{c}\~{a}o, Instituto de Matem\'{a}tica, Universidade Federal do Rio de Janeiro},
	Month = {June},
	Number = {ES-???-97},
	Optaddress = {COPPE, Bloco H, Cidade Universitaria, Ilha do Fund\~{a}o, Rio de Janeiro, Brasil},
	Title = {On the axioms for fork algebras and their independence},
	Type = {Technical Report},
	Year = {1997}}

@techreport{veloso:ES-466-96,
	Author = veloso,
	Institution = {Programa de Engenharia de Sistemas e Computa\c{c}\~{a}o, COPPE, Departamento de Computa\c{c}\~{a}o, Instituto de Matem\'{a}tica, Universidade Federal do Rio de Janeiro},
	Month = {April},
	Number = {ES-466-96},
	Optaddress = {COPPE, Bloco H, Cidade Universitaria, Ilha do Fund\~{a}o, Rio de Janeiro, Brasil},
	Title = {On eight axiomatizations for fork algebras: equivalence and independence},
	Type = {Technical Report},
	Year = {1998}}

@techreport{defreitas:ES-583-02,
	Author = defreitas # { and } # veloso # { and } # viana # { and } # veloso+ # { and } # benevides,
	Institution = {Programa de Engenharia de Sistemas e Computa\c{c}\~{a}o, COPPE, Departamento de Computa\c{c}\~{a}o, Instituto de Matem\'{a}tica, Universidade Federal do Rio de Janeiro},
	Month = {June},
	Number = {ES-583-02},
	Optaddress = {COPPE, Bloco H, Cidade Universitaria, Ilha do Fund\~{a}o, Rio de Janeiro, Brasil},
	Title = {On the expressive power of fork arrow logic},
	Type = {Technical Report},
	Year = {2002}}

@techreport{veloso:23-96,
	Author = veloso,
	Institution = {Departamento de Informatica, Pontif\'{\i}cia Universidade Cat\'{o}lica do Rio de Janeiro},
	Number = {23/96},
	Optaddress = {Rua Marqu\^{e}s de S\~{a}o Vicente 225, CEP 22453-900, Rio de Janeiro, Brasil},
	Optnote = {ISSN: 0103-9741},
	Title = {On cartesian codings and the set-theoretical nature of fork algebras of relations},
	Type = {Monografias en Ci\^{e}ncias da Computa\c{c}\~{a}o},
	Year = {1996}}

@techreport{veloso:05-96,
	Author = veloso,
	Institution = {Departamento de Informatica, Pontif\'{\i}cia Universidade Cat\'{o}lica do Rio de Janeiro},
	Month = {January},
	Number = {05/96},
	Optaddress = {Rua Marqu\^{e}s de S\~{a}o Vicente 225, CEP 22453-900, Rio de Janeiro, Brasil},
	Optnote = {ISSN: 0103-9741},
	Title = {On finite and infinite fork algebras},
	Type = {Monografias en Ci\^{e}ncias da Computa\c{c}\~{a}o},
	Year = {1996}}

@techreport{veloso:04-96,
	Author = veloso,
	Institution = {Departamento de Informatica, Pontif\'{\i}cia Universidade Cat\'{o}lica do Rio de Janeiro},
	Month = {January},
	Number = {04/96},
	Optaddress = {Rua Marqu\^{e}s de S\~{a}o Vicente 225, CEP 22453-900, Rio de Janeiro, Brasil},
	Optnote = {ISSN: 0103-9741},
	Title = {On algebaic structure of fork algebras},
	Type = {Monografias en Ci\^{e}ncias da Computa\c{c}\~{a}o},
	Year = {1996}}

@techreport{veloso:22-97,
	Author = veloso,
	Institution = {Departamento de Informatica, Pontif\'{\i}cia Universidade Cat\'{o}lica do Rio de Janeiro},
	Month = {July},
	Number = {22/97},
	Optaddress = {Rua Marqu\^{e}s de S\~{a}o Vicente 225, CEP 22453-900, Rio de Janeiro, Brasil},
	Optnote = {ISSN: 0103-9741},
	Title = {On simpler (equational) presentations for fork algebra and their relational reducts},
	Type = {Monografias en Ci\^{e}ncias da Computa\c{c}\~{a}o},
	Year = {1997}}

@techreport{veloso:15-98,
	Author = veloso,
	Institution = {Departamento de Informatica, Pontif\'{\i}cia Universidade Cat\'{o}lica do Rio de Janeiro},
	Month = {April},
	Number = {15/98},
	Optaddress = {Rua Marqu\^{e}s de S\~{a}o Vicente 225, CEP 22453-900, Rio de Janeiro, Brasil},
	Optnote = {ISSN: 0103-9741},
	Title = {Some constructions on categories related to fork and projection algebras},
	Type = {Monografias en Ci\^{e}ncias da Computa\c{c}\~{a}o},
	Year = {1998}}

@techreport{benevides:ES-653-04,
	Author = benevides # { and } # delgado # { and } # lopezpombo # { and } # lopes # { and } # ribeiro,
	Institution = {Programa de Engenharia de Sistemas e Computa\c{c}\~{a}o, COPPE, Departamento de Computa\c{c}\~{a}o, Instituto de Matem\'{a}tica, Universidade Federal do Rio de Janeiro},
	Month = {July},
	Number = {ES-653-04},
	Optaddress = {COPPE, Bloco H, Cidade Universitaria, Ilha do Fund\~{a}o, Rio de Janeiro, Brasil},
	Title = {Model checking knowledge in multi-agent systems},
	Type = {Technical Report},
	Year = {1997}}

@techreport{huet:STAN-CS-80-785,
	Author = huet # { and } # oppen,
	Institution = {Computer Science Department, Stanford University},
	Month = {January},
	Number = {STAN-CS-80-785},
	Optaddress = {Palo Alto},
	Optnote = {Stanford Verification Group, Report number 15},
	Title = {Equations and rewrite rules},
	Type = {Technical Report},
	Year = {1980}}

@techreport{dowek:coq-users-guide,
	Address = {Rocquencourt, France},
	Author = dowek # { and } # felty # { and } # herbelin # { and } # huet # { and } # murthy # { and } # parent # { and } # paulin-mohring # { and } # werner,
	Institution = {INRIA},
	Number = {154},
	Title = {The Coq proof assistant user's guide (version 5.8)},
	Year = {1993}}

@techreport{bickford:ORA-TM-98-0036,
	Address = {Ithaca, NY, USA},
	Author = bickford # { and } # guaspari,
	Institution = {Odyssey Research Associates},
	Month = {November},
	Number = {TM-98-0036},
	Title = {Lightweight analysis of {UML}},
	Year = {1998}}

@techreport{manna:STAN-CS-94-1518,
	Address = {Stanford, CA, USA},
	Author = manna # { and } # anuchitanukul # { and } # bjorner+ # { and } # browne # { and } # chang # { and } # colon # { and } # dealfaro # { and } # devarajan # { and } # sipma # { and } # uribe,
	Institution = {Stanford University},
	Title = {{STeP}: The stanford temporal prover},
	Year = {1994}}

@techreport{jensen:UCAM-CL-570,
	Author = jensen # { and } # milner,
	Institution = {Cambridge University, Computer Laboratory},
	Month = {July},
	Number = {570},
	Optaddress = {15 JJ Thomson Avenue, Cambridge CB3 0FD, United Kingdom},
	Title = {Bigraphs and mobile processes},
	Year = {2003}}

@techreport{veloso:19-92,
	Author = veloso # { and } # haeberer # { and } # baum,
	Institution = {Departamento de Informatica, Pontif\'{\i}cia Universidade Cat\'{o}lica do Rio de Janeiro},
	Month = {May},
	Number = {19/92},
	Optaddress = {Rua Marqu\^{e}s de S\~{a}o Vicente 225, CEP 22453-900, Rio de Janeiro, Brasil},
	Optnote = {ISSN: 0103-9741},
	Title = {On formal program construction within an extended calculus for binary relations},
	Type = {Monografias en Ci\^{e}ncias da Computa\c{c}\~{a}o},
	Year = {1992}}

@techreport{haeberer:4-93,
	Author = haeberer # { and } # baum # { and } # schmidt,
	Institution = {Departamento de Informatica, Pontif\'{\i}cia Universidade Cat\'{o}lica do Rio de Janeiro},
	Month = {May},
	Number = {4/93},
	Optaddress = {Rua Marqu\^{e}s de S\~{a}o Vicente 225, CEP 22453-900, Rio de Janeiro, Brasil},
	Optnote = {ISSN: 0103-9741},
	Title = {Dealing with non-constructive specifications involving quantifiers},
	Type = {Monografias en Ci\^{e}ncias da Computa\c{c}\~{a}o},
	Year = {1993}}

@techreport{veloso:32-93,
	Author = veloso # { and } # haeberer,
	Institution = {Departamento de Informatica, Pontif\'{\i}cia Universidade Cat\'{o}lica do Rio de Janeiro},
	Month = {December},
	Number = {32/93},
	Optaddress = {Rua Marqu\^{e}s de S\~{a}o Vicente 225, CEP 22453-900, Rio de Janeiro, Brasil},
	Optnote = {ISSN: 0103-9741},
	Title = {On fork algebras and program derivation},
	Type = {Monografias en Ci\^{e}ncias da Computa\c{c}\~{a}o},
	Year = {1993}}

@techreport{martioliet:SRI-CSL-93-05,
	Author = martioliet # { and } # meseguer,
	Institution = csl,
	Month = {August},
	Note = {Also in \cite{martioliet:entcs-4} and \cite{martioliet:hpl01}},
	Number = {SRI-CSL-93-05},
	Optaddress = {333 Ravenswood ave., Menlo Park, CA 94025, USA},
	Title = {Rewriting logic as a logical and semantic framework},
	Type = {Technical Report},
	Year = {1993}}

@techreport{meseguer:SRI-CSL-90-02R,
	Author = meseguer,
	Institution = csl,
	Month = {February},
	Note = {Revised in June 1990},
	Number = {SRI-CSL-90-02R},
	Optaddress = {333 Ravenswood ave., Menlo Park, CA 94025, USA},
	Title = {Rewriting as a unified model of concurrency},
	Type = {Technical Report},
	Year = {1990}}

@techreport{bidoit:ENSC-LSV-03-9,
	Author = bidoit # { and } # hennicker,
	Institution = ensc-lsv,
	Month = {June},
	Number = {RR-LSV-03-9},
	Optaddress = {61, avenue du pr{\'{e}}sident Wilson, 94235 Cachan Cedex France},
	Title = {Constructor--based observational logic},
	Type = {Technical Report},
	Year = {2003}}

@techreport{torlak:MIT-CSAIL-TR-2006-068,
	Address = mit # {, Cambridge, MA 02139 USA},
	Author = torlak # { and } # jackson,
	Institution = csail # {, } # mit,
	Number = {MIT-CSAIL-TR-2006-068},
	Title = {The design of a relational engine},
	Type = {Technical Report},
	Year = {2006}}

@techreport{sannella:ECS-LFCS-92-204,
	Author = sannella # { and } # tarlecki,
	Institution = {Laboratory for foundations of computer science, The University of Edinburgh},
	Number = {204},
	Title = {Toward formal development of programs from algebraic specifications: model-theoretic foundations},
	Year = {1992}}

@techreport{sannella:ECS-LFCS-92-204_revised,
	Author = sannella # { and } # tarlecki,
	Institution = {Laboratory for foundations of computer science, The University of Edinburgh},
	Note = {Revised version of \cite{sannella:ECS-LFCS-92-204}},
	Title = {Model-theoretic foundations for program development: basic concepts and motivation},
	Year = {1995}}

@techreport{goguen:SRI-CSL-88-9,
	Author = goguen,
	Institution = csl,
	Number = {SRI-CSL-88-9},
	Optaddress = {333 Ravenswood ave., Menlo Park, CA 94025, USA},
	Title = {Introducing {OBJ3}},
	Type = {Technical Report},
	Year = {1988}}

@techreport{diaconescu:JAIST-IS-RR-96-0024S,
	Author = diaconescu # { and } # futatsugi,
	Institution = {Japan Advanced Institute of Science and Technology},
	Number = {JAIST-IS-RR-96-0024S},
	Optaddress = {1-1 Asahidai, Tatsunokuchi, Ishikawa 923-12, Japan},
	Title = {Logical semantics for {CafeOBJ}},
	Type = {Technical Report},
	Year = {1996}}

@techreport{clarke:CMU-CS-03-186,
	Author = clarke # { and } # kroening # { and } # sharygina # { and } # yorav,
	Institution = csl,
	Number = {CMU-CS-03-186},
	Optaddress = {333 Ravenswood ave., Menlo Park, CA 94025, USA},
	Title = {Predicate abstraction of {ANSI-C} Programs using {SAT}},
	Type = {Technical Report},
	Year = {2003}}

@techreport{broy:TUM-I0612,
	Author = broy # { and } # cengarle # { and } # rumpe,
	Institution = ifi-tum,
	Number = {TUM-I0612},
	Title = {Semantics of {UML}--Towards a system model for {UML}: The structural data model},
	Type = {Technical Report},
	Year = {2006}}

@techreport{broy:TUM-I0710,
	Author = broy # { and } # cengarle # { and } # rumpe,
	Institution = ifi-tum,
	Number = {TUM-I0710},
	Title = {Semantics of {UML}--Towards a system model for {UML}: The control model},
	Type = {Technical Report},
	Year = {2007}}

@techreport{broy:TUM-I0711,
	Author = broy # { and } # cengarle # { and } # rumpe,
	Institution = ifi-tum,
	Number = {TUM-I0711},
	Title = {Semantics of {UML}--Towards a system model for {UML}: The state machine model},
	Type = {Technical Report},
	Year = {2007}}

@manual{owre:pvs-system-guide,
	Author = owre # { and } # shankar # { and } # rushby # { and } # stringer-calvert,
	Edition = {Version 2.4},
	Month = {December},
	Optaddress = {333 Ravenswood ave., Menlo Park, CA 94025, USA},
	Organization = csl,
	Title = {{PVS} system guide},
	Year = {2001}}

@manual{owre:pvs-prover-guide,
	Author = owre # { and } # shankar # { and } # rushby # { and } # stringer-calvert,
	Edition = {Version 2.4},
	Month = {November},
	Optaddress = {333 Ravenswood ave., Menlo Park, CA 94025, USA},
	Organization = csl,
	Title = {{PVS} prover guide},
	Year = {2001}}

@manual{owre:pvs-language-reference,
	Author = owre # { and } # shankar # { and } # rushby # { and } # stringer-calvert,
	Edition = {Version 2.4},
	Month = {December},
	Optaddress = {333 Ravenswood ave., Menlo Park, CA 94025, USA},
	Organization = {SRI International},
	Title = {{PVS} language reference},
	Year = {2001}}

@manual{jackson:alloy-2.1-reference-maunal,
	Address = {Cambridge, MA},
	Author = jackson,
	Organization = csail # {, } # mit,
	Title = {A micromodels of software: Lightweight modelling and analysis with {Alloy}},
	Year = {2002}}

@manual{jackson:alloy-3.0-reference-maunal,
	Address = {Cambridge, MA},
	Author = jackson,
	Organization = csail # {, } # mit,
	Title = {{Alloy} 3.0 reference manual},
	Year = {2004}}

@manual{pakin:ctan05,
	Author = pakin,
	Note = avail # {\url{http://www.ctan.org/tex-archive/info/symbols/comprehensive/}},
	Organization = ctan,
	Title = {The comprehensive \LaTeX symbol list},
	Year = {2005}}

@unpublished{aguirre:unp07,
	Author = aguirre # { and } # frias # { and } # galeotti # { and } # garlan # { and } # kim,
	Note = {Submitted for Publication},
	Title = {Analysis of Structural Properties of Reconfigurable Architectures and Styles Using {(Dyn)Alloy}},
	Year = {2007}}

@unpublished{kim:unp06,
	Author = kim # { and } # garlan,
	Note = {Submitted for Publication},
	Title = {Analyzing Architectural Styles},
	Year = {2006}}

@unpublished{frias:unp02,
	Author = frias # { and } # lopezpombo # { and } # baum,
	Month = {February},
	Note = avail # {\url{http://www.dc.uba.ar/people/profesores/mfrias/Files/Downloads/Ag.ps}},
	Title = {The specification language $\mathbf{A_g}$},
	Year = {2002}}

@unpublished{frias:unp06,
	Author = frias # { and } # galeotti,
	Month = {October},
	Note = avail # {\url{http://www.dc.uba.ar/people/profesores/mfrias/Files/Downloads/unpJML.pdf}},
	Title = {Efficient Analysis of JML-Annotated Java Programs Using DynAlloy},
	Year = {2006}}

@unpublished{rushby:unp00,
	Author = rushby,
	Month = {February},
	Note = {SRI International},
	Optannote = {333 Ravenswood ave., Menlo Park, CA 94025, USA},
	Title = {{PVS} bibliography},
	Year = {2000}}

@unpublished{dimitrakos:unp99,
	Author = dimitrakos # { and } # bicarregui # { and } # maibaum,
	Note = {Manuscript},
	Title = {Integrating heterogeneous formalisms: Framework and application},
	Year = {1999}}

@unpublished{simkin:unp03,
	Author = simkin # { and } # roychowdhury,
	Note = avail # {\url{http://arxiv.org/abs/cond-mat/0310049}},
	Title = {Theory of aces: fame by chance or merit?},
	Year = {2003}}

@unpublished{miranda:unp06,
	Author = miranda,
	Note = {Tesis de licenciatura en curso},
	Title = {Acelerando \emph{ReMo} a trav�s de la generaci�n de relaciones no isomorfas},
	Year = {2006}}

@unpublished{defreitas:unp05,
	Author = defreitas # { and } # viana,
	Note = {Manuscript},
	Title = {$+{RG}$ strong completeness without $\cup$},
	Year = {2005}}

@misc{owre:slides_pvs_btrees,
	Author = owre # { and } # rushby # { and } # shankar,
	Howpublished = {Slides},
	Note = {SRI International},
	Optannote = {333 Ravenswood ave., Menlo Park, CA 94025, USA},
	Title = {Binary trees}}

@misc{owre:slides_pvs_tutorial_intro,
	Author = owre # { and } # rushby # { and } # shankar,
	Howpublished = {Slides},
	Month = {April},
	Note = {SRI International},
	Optannote = {333 Ravenswood ave., Menlo Park, CA 94025, USA},
	Title = {{PVS} tutorial (Introduction)},
	Year = {1993}}

@misc{owre:slides_pvs_tutorial,
	Author = owre # { and } # rushby # { and } # shankar,
	Howpublished = {Slides},
	Note = {SRI International},
	Optannote = {333 Ravenswood ave., Menlo Park, CA 94025, USA},
	Title = {{PVS} tutorial}}

@misc{owre:slides_pvs_prelude,
	Author = owre # { and } # rushby # { and } # shankar,
	Howpublished = {Slides},
	Note = {SRI International},
	Optannote = {333 Ravenswood ave., Menlo Park, CA 94025, USA},
	Title = {The {PVS} prelude}}

@misc{sorensen:lectures98,
	Author = sorensen # { and } # urzyczyn,
	Howpublished = {Lecture notes},
	Title = {Lectures on the {Curry-Howard} isomorphism},
	Year = {1998}}

@misc{jipsen:mathematical_structures,
	Author = jipsen,
	Howpublished = {On-line},
	Month = {June},
	Note = avail # {\url{http://math.chapman.edu/cgi-bin/structures}},
	Title = {Mathematical Structures},
	Year = {2004}}

@misc{jha:course-c838,
	Author = jha,
	Howpublished = {On-line},
	Note = avail # {\url{http://www.cs.wisc.edu/~jha/course-archive/analysis-course-fall-2000/model-checking-basics.ps}},
	Optannote = {Computer Sciences Department, University of Wisconsin, Madison, WI 53706},
	Title = {Model checking basics},
	Year = {2000}}

@misc{jha:course-c838+,
	Author = jha,
	Howpublished = {On-line},
	Note = avail # {\url{http://www.cs.wisc.edu/~jha/course-archive/analysis-course-fall-2000/nitpick.ps}},
	Optannote = {Computer Sciences Department, University of Wisconsin, Madison, WI 53706},
	Title = {Relational modeling},
	Year = {2000}}

@misc{yices,
	Howpublished = {On-line},
	Note = avail # {\url{http://yices.csl.sri.com/}},
	Title = {Yices: An SMT Solver}}

@misc{z3,
	Howpublished = {On-line},
	Note = avail # {\url{http://research.microsoft.com/projects/z3/}},
	Title = {Z3: An Efficient SMT Solver}}

@misc{cvc3,
	Howpublished = {On-line},
	Note = avail # {\url{http://www.cs.nyu.edu/acsys/cvc3/}},
	Title = {CVC3}}
